2790 5116
415 805 556 878 CAPUT
580 805 796 889 tunultu,

128 961 198 1050 Quo
204 962 395 1051 fragmenta
414 959 573 1024 Ciceronis
587 973 618 1024 et
631 959 776 1026 Sallustii
791 963 879 1051 apud
889 968 1081 1032 Anatanum

116 1075 121 1086 '
402 1096 461 1160 ope
483 1072 565 1136 Mes.
590 1074 804 1140 emendantur.

545 1318 659 1338 ...-

10 1557 11 1566 ,
136 1501 186 1568 Ex
205 1499 363 1567 Cioeronis
379 1495 561 1587 fragmentis
579 1497 723 1583 primum
739 1497 804 1563 duo
820 1495 986 1581 tollemus,
1003 1499 1117 1568 deinde

92 1637 195 1680 unum
215 1609 462 1678 emendabimus.

135 1726 174 1791 ln
201 1724 351 1791 drusiani
377 1720 467 1788 libris
496 1721 648 1788 hactenus
676 1719 811 1812 wilgatis
839 1722 939 1811 (apud
968 1727 1114 1795 Lindem.

9 1893 10 1896 ,
92 1863 162 1931 pag.
187 1840 265 1934 m·
290 1839 324 1902 in
347 1835 437 1934 Dolet
453 1834 510 1900 illa
529 1834 576 1922 re)
595 1833 672 1900 haec
689 1832 855 1926 leguntur:
892 1838 993 1904 Doleo
1013 1848 1116 1907 vicem

94 1966 195 2030 tuom,
227 1951 263 2015 td
278 1963 344 2029 eet,
360 1961 496 2036 propter
514 1961 544 2012 te
565 1947 669 2013 doleo.
720 1946 785 2012 Cia.
809 1948 848 2012 de
869 1949 969 2014 Domo
990 1966 1021 2017 et
1036 1950 1113 2043 liep.

96 2067 201 2130 Vitam
229 2065 331 2154 bagao.
378 2059 614 2126 Emendammt:
636 2069 740 2126 vicem
761 2060 870 2150 bagao,
892 2079 924 2127 et
946 2059 1055 2130 locum
1077 2066 1118 2132 ad

11 2245 14 2254 Δ
93 2177 265 2270 fragmenta
282 2178 475 2242 incertorum
488 2172 647 2240 librorum
663 2175 703 2240 de
718 2175 797 2263 liep.
815 2174 1003 2244 retulerunt.
1028 2178 1119 2267 Apo-

8 2297 9 2304 ’
93 2292 211 2384 grapho
237 2290 398 2356 Leidensia
423 2287 561 2353 habent:
612 2287 677 2354 Cio.
709 2289 749 2352 de
768 2287 899 2378 [proin
921 2288 1042 2382 Apogr.
1065 2290 1118 2382 9.]

94 2407 201 2472 domo:
230 2419 262 2470 et
288 2403 476 2493 reilrublr'ooe
501 2411 603 2466 vicem
623 2401 725 2490 lugeo.
770 2402 855 2468 Haeo
873 2403 972 2470 verba
987 2407 1022 2471 in
1036 2405 1119 2474 Ora-

93 2521 176 2585 tione
194 2519 233 2584 de
253 2519 348 2584 domo
366 2538 432 2581 non
452 2516 571 2603 reperi:
588 2514 642 2580 sed
657 2511 740 2579 illud
756 2531 894 2600 constat,
910 2517 951 2582 ad
967 2515 1066 2584 libros
1079 2519 1119 2584 de
1157 2501 1166 2517 l

94 2633 170 2720 nep.
201 2631 414 2722 fragmentum
439 2651 506 2693 non
532 2628 699 2716 pertinere.
746 2627 830 2693 Nam
855 2629 890 2694 in
919 2631 1006 2718 prius
1036 2631 1119 2697 edita

94 2741 225 2809 lectione
251 2764 342 2808 voces
367 2755 401 2805 et
425 2742 502 2828 nep.
532 2757 695 2827 corruptas
713 2763 775 2804 esse
791 2741 826 2804 in
844 2740 951 2808 oculos
968 2745 1117 2827 incurrit3
1162 2791 1165 2797 -

7 2877 9 2912 t
95 2873 200 2922 contra
229 2856 386 2922 verissima
408 2869 453 2918 est
480 2850 589 2918 lectio:
613 2867 644 2917 et
663 2862 741 2940 reip.
766 2863 869 2918 vicem
889 2855 997 2943 degeo,
1021 2857 1120 2945 siqui-

7 2981 8 3008 ³
94 2968 167 3034 dem
205 2968 245 3033 ad
273 2965 469 3033 vombulum
493 2973 595 3029 vicem
627 2967 795 3031 neeessario
825 2968 981 3058 genitivus
1006 2965 1121 3057 aliquis

7 3075 8 3080 ¹
94 3079 144 3147 vel
168 3083 373 3171 possessivum
403 3080 602 3170 requiratur,
626 3095 663 3144 ut
685 3077 802 3144 habeat
824 3077 912 3145 loeus
937 3103 1031 3146 suum
1049 3103 1121 3146 sen-

93 3217 181 3272 sum,
203 3209 236 3259 et
252 3194 437 3282 respondeat
453 3189 636 3281 exemplum
651 3194 826 3283 propositae
844 3191 1014 3261 elocutioni
1030 3194 1121 3260 doleo

94 3318 197 3375 uicem
223 3324 320 3374 tuam.
373 3309 529 3374 Eandem
549 3310 736 3397 scripturam
766 3313 943 3399 conjectura
968 3328 1122 3377 assecutus

93 3438 137 3488 est
159 3420 308 3488 Oriolius.

136 3535 254 3600 Fertur
275 3534 490 3626 fragmentum
498 3557 537 3598 ex
548 3532 706 3598 Ciceronis
716 3529 866 3600 Oratione
879 3536 919 3600 de
931 3537 970 3600 L.
979 3535 1119 3601 Othone:

94 3650 152 3714 Hie
168 3659 198 3713 st
213 3671 248 3712 se
264 3657 355 3713 atius
373 3657 449 3712 otae
463 3648 609 3712 dedisset.
645 3647 784 3712 Petitum
803 3664 848 3712 eet
864 3671 903 3713 ex
918 3647 1079 3714 Frontone
1094 3670 1119 3712 s.

94 3761 250 3828 Arusiano
274 3764 307 3828 in
327 3763 417 3826 Dedo
438 3761 486 3825 tttt
506 3769 602 3848 reip.
622 3761 699 3826 223.
724 3759 762 3824 ed
778 3761 945 3839 Lindem.,
969 3761 1027 3849 qui
1040 3739 1137 3825 reete

7 3903 8 3974 }
93 3897 130 3939 ex
153 3898 211 3940 suo
235 3873 351 3939 Codice
377 3873 474 3940 edidit
501 3883 608 3958 vitoe,
632 3891 669 3938 ut
685 3873 807 3939 hahent
826 3875 919 3940 etiam
939 3873 1121 3957 Leidenses,

93 3989 300 4077 superscripto
321 4004 426 4052 tamen
445 3996 523 4052 otae.
571 3988 669 4059 Porro
701 3990 735 4052 in
762 3986 847 4078 Aug.
869 3987 947 4075 Maji
966 3986 1067 4052 Codd.
1087 4012 1123 4052 eo

7 4101 8 4132 ¹
92 4100 161 4168 loco
180 4103 295 4167 citatur
317 4101 386 4168 Cio.
403 4126 466 4189 pro
486 4101 606 4183 ΟοτΙιο,ι
625 4102 710 4167 unde
729 4101 874 4166 Lindem.
895 4100 994 4166 edidit
1002 4125 1064 4188 pro
1082 4101 1120 4166 L.

97 4215 202 4294 Otto,
238 4216 326 4306 quasi
355 4238 429 4278 vero
461 4214 680 4281 Nominativus
712 4238 770 4303 pro
795 4213 947 4280 Ablativo
968 4216 1010 4279 ita
1031 4215 1125 4302 possit
