2790 5116
513 413 686 474 ...33-

82 629 85 638 .
132 591 222 658 Haec
241 594 281 658 ad
300 593 430 660 titulum
447 595 522 662 libri
540 599 738 680 Bondamus‚
757 619 855 688 quae,
874 593 1019 685 quamvis
1041 597 1112 666 lon⁴

82 705 196 794 gion,
213 705 386 771 describere
399 731 465 772 non
477 711 595 798 piguit,
612 711 763 798 quoniam
775 732 849 774 cum
859 707 967 776 Sarius
979 711 1013 776 in
1024 711 1113 778 Ono-

83 819 220 882 mastico
235 815 259 882 l.
273 816 296 882 l.
318 818 465 885 Arusiani
483 839 614 886 aetatem
634 846 672 887 ex
690 820 774 886 illius
793 822 975 888 auctoritate
995 824 1036 889 ad
1056 849 1114 890 an-

83 955 172 996 num
193 934 314 998 circiter
339 935 406 998 450
430 931 590 1015 retulerit,
620 938 800 1023 putavimus
821 956 947 1042 gratum
970 935 1115 1002 flaturum

85 1047 167 1110 viris
187 1046 305 1125 doctis,
325 1048 349 1110 si
372 1050 586 1138 cognovissent
610 1047 727 1138 quibus
746 1051 939 1139 argumentis
962 1073 1036 1116 tuus
1054 1049 1115 1115 hoc

86 1177 236 1246 tempore
257 1157 396 1224 floruisse
416 1178 561 1225 nostrum
582 1160 762 1226 Bondamus
784 1164 936 1227 statuerit.
967 1163 1116 1230 Ceterum

84 1271 128 1336 ad
153 1295 190 1334 ea
211 1295 292 1360 quae
315 1274 435 1338 notavit
455 1273 532 1338 haec
548 1271 639 1338 liceat
657 1273 787 1339 addere:

134 1385 166 1448 I.
191 1385 230 1448 In
250 1384 440 1474 quibusdam
460 1386 646 1469 codicibus,
668 1385 851 1453 observante
873 1389 967 1453 etiam
992 1389 1117 1455 Rhodio

87 1499 130 1564 ad
154 1496 300 1564 Scribon.
323 1499 416 1591 Larg.
440 1525 473 1588 p.
493 1503 569 1581 stt,
588 1500 642 1564 hic
657 1497 785 1564 libellus
801 1499 953 1566 tribuitur
971 1499 1117 1566 Cornelio

86 1612 261 1676 Frontoni.
293 1610 426 1678 Talibus
452 1615 500 1677 usi
525 1629 599 1678 sunt
628 1615 751 1702 antiqui
777 1610 947 1678 literatores
972 1614 1029 1702 qui
1057 1613 1117 1680 sub

88 1727 159 1811 ejus
177 1725 306 1788 nomine
322 1725 514 1816 citaverunt:
534 1725 610 1791 tales
627 1727 692 1791 sine
706 1725 805 1792 dubio
825 1724 926 1791 voluit
943 1727 1063 1792 Pierius
1078 1728 1117 1792 ad

87 1837 185 1927 Virg.
214 1834 284 1902 Ecl.
316 1839 346 1901 i.
374 1839 427 1903 80.
457 1839 562 1904 dicens
583 1838 731 1906 drusiani
757 1840 849 1904 Messi
873 1836 1022 1904 libellum
1041 1837 1118 1905 falso

90 1949 301 2017 subalterius
321 1953 450 2017 nomine
470 1951 681 2018 circumferri:
704 1978 763 2020 nec
785 1953 964 2019 Bondamus
989 1951 1119 2018 dubita-

90 2063 166 2128 bat:
187 2089 204 2126 n
210 2067 288 2154 quin
304 2089 360 2152 per
377 2065 474 2132 Corn.
491 2067 658 2132 Frontonis
672 2067 862 2155 Elegantius
876 2067 1021 2146 Latinos,
1040 2089 1121 2154 qua-

92 2201 192 2242 »rum
211 2201 250 2242 ex
267 2176 370 2264 Raph.
390 2174 599 2244 Volaterrano
613 2179 802 2244 meminisset
818 2177 975 2244 Gesnenrs
985 2181 1020 2243 in
1034 2175 1117 2243 Bibl.

94 2316 110 2350 u
116 2313 151 2378 p.
165 2290 241 2354 187.
253 2290 289 2354 Β.
303 2291 386 2378 ipsae
395 2287 565 2355 bacMessii
579 2291 677 2355 nostri
686 2288 888 2356 Elocutiones
901 2287 1122 2380 intelligendae

94 2401 214 2466 »sint'':
234 2402 322 2491 quod
342 2417 447 2489 postea
461 2407 583 2470 notavit
593 2429 722 2494 quoque
736 2404 778 2470 Α.
799 2405 919 2492 Majus:
933 2406 990 2494 qui
1008 2420 1040 2470 et
1058 2406 1123 2492 ipse

96 2516 242 2604 quinque
267 2515 395 2582 Codices
416 2521 567 2599 excussit,
594 2520 627 2583 in
655 2518 772 2608 quibus
794 2517 940 2586 Cornelio
967 2518 1123 2584 Frontoni

50 2617 53 2624 ’
95 2627 159 2692 boe
169 2625 361 2716 opusculum
371 2629 533 2695 tribuitur.
546 2631 590 2695 Et
604 2631 709 2720 Majus
719 2631 851 2721 quidem
868 2654 938 2696 non
963 2629 1122 2698 dubitavit

96 2741 255 2808 Frontoni
273 2765 329 2806 suo
343 2741 405 2807 hoc
418 2742 608 2831 opusculum
622 2767 770 2809 asserere:
785 2743 840 2810 sed
857 2747 923 2831 ejus
942 2744 1122 2831 opinionem

96 2873 183 2921 recte
201 2857 305 2943 rejecit
321 2853 401 2920 alter
415 2856 584 2922 Frontonis
598 2857 712 2935 editor,
730 2857 780 2920 vir
798 2879 958 2934 summus,
975 2853 1123 2946 Niebuh-

98 2969 183 3032 rius:
209 2971 296 3056 cujus
319 2968 435 3056 judicio
464 2991 557 3058 grave
579 2967 697 3032 accedit
722 2968 847 3054 pondus
877 2990 916 3030 ex
948 2968 1124 3030 testimonio
1205 3031 1210 3038 ,

99 3079 293 3161 Cassiodori,
319 3083 376 3170 qui
403 3103 478 3146 cum
506 3077 646 3144 dubitari
669 3080 722 3142 vix
749 3078 843 3164 possit
869 3078 948 3166 quin
971 3076 1059 3141 hunc
1083 3075 1124 3140 li-

99 3191 227 3258 bellum
241 3191 311 3258 loco
330 3193 423 3258 citato
443 3193 643 3280 spectaverit,
662 3193 728 3280 ejus
751 3206 912 3255 auctorem
931 3189 1126 3256 Arusianum

99 3305 253 3372 Messium
278 3327 360 3390 esse,
387 3304 460 3370 facit
485 3305 700 3370 certissimum.
733 3303 808 3369 Non
831 3304 1005 3369 audiendus
1031 3305 1126 3396 igitur

100 3417 222 3506 Majus,
238 3420 294 3507 qui
311 3413 345 3482 in
360 3416 457 3482 altera
474 3417 643 3483 Frontonis
657 3417 812 3497 editione,
825 3441 907 3506 quae
917 3417 1035 3494 Romae
1052 3441 1127 3504 pro-

101 3530 176 3611 diit,
197 3531 260 3596 boc
276 3532 370 3595 etiam
387 3529 560 3596 Cassiodori
574 3527 657 3608 loeo,
669 3545 772 3619 'quem
793 3545 864 3593 tum
879 3531 943 3617 ipse
958 3545 1125 3615 repererat,
1262 3568 1266 3578 ι

101 3645 280 3731 permoveri
292 3666 359 3707 non
373 3643 489 3730 potuit,
510 3657 547 3705 ut
561 3641 650 3707 bunc
664 3638 814 3705 libellum
829 3621 984 3705 Frontoni
1002 3661 1129 3725 prorsus

103 3754 320 3844 abjudicaret:
335 3753 388 3818 sed
405 3775 463 3840 pro
485 3774 559 3816 vero
578 3753 682 3839 potius
699 3751 886 3817 babendum
903 3767 947 3815 est
955 3799 966 3830 ,
988 3750 1076 3840 quod
1095 3752 1130 3819 in

103 3865 208 3931 fronte
227 3864 367 3931 Gudiani
383 3864 556 3955 apographi
577 3881 724 3930 notatum
746 3865 862 3951 reperit
879 3862 1127 3927 Lindemannus:

104 3969 325 4067 In'aliqnibns
343 3977 500 4042 codicibus
515 4000 578 4064 pro
599 3962 757 4042 drusiani
778 3977 879 4040 Messi
902 3975 983 4040 male
1005 3983 1132 4064 irrepsit

109 4091 249 4156 Cornelii
271 4092 460 4169 Frontonis,·
486 4091 537 4153 cui
559 4086 658 4154 simile
684 4103 729 4152 est
754 4088 842 4178 quod
869 4087 980 4153 eodem
1005 4086 1075 4155 loco
1099 4091 1133 4154 in

106 4203 342 4270 Burmanniano
362 4202 513 4288 scriptum
531 4218 587 4267 est:
604 4203 770 4268 Arusinnt.
789 4225 809 4264 a
820 4201 1003 4290 quibusdem
1021 4203 1135 4296 snbsttj
1166 4247 1169 4252 -

982 4323 1001 4385 3
1084 4337 1087 4345 .
