2790 5116
712 407 886 474 ..96-

285 607 373 658 turae
388 607 420 657 et
434 589 605 658 verborum
625 591 658 656 in
678 590 854 657 Fortunato
872 593 1045 658 contextui.
1075 591 1180 674 Quare
1201 613 1315 656 emen-

282 703 426 772 dandum
442 727 504 768 esse
520 704 653 793 conjeci:
802 685 804 692 Ι

298 919 300 924 ,
420 864 469 917 tttc
486 873 560 918 tener
577 862 685 917 aestivas
702 861 828 917 diffundit
845 863 982 935 pampinus
998 863 1118 929 umbram

279 1033 388 1102 eadem
407 1029 502 1121 plane
519 1029 697 1116 locutione,
715 1055 780 1122 qua
798 1055 872 1098 usus
889 1046 935 1097 cst
947 1031 1124 1116 Petronius,
1137 1052 1210 1120 cap.
1230 1031 1310 1096 tat:

418 1189 520 1243 Nobilis
536 1191 644 1244 aestivas
661 1191 782 1262 platanus
797 1189 939 1244 diffuderat
955 1189 1069 1244 umbras.

277 1354 461 1422 Notandum
477 1353 583 1438 simul,
607 1359 723 1446 pariter
737 1357 790 1422 hic
805 1357 866 1423 dici
883 1356 1008 1422 umbros
1023 1364 1177 1435 aestivas,
1207 1372 1307 1446 atque

278 1470 312 1534 in
330 1467 399 1534 loco
418 1468 638 1554 Merobaudis,
662 1494 759 1560 quem
786 1471 997 1535 tractavimus.
1045 1467 1197 1534 Ceterum
1217 1468 1310 1557 apud

279 1581 453 1674 Virgilium
466 1580 491 1648 l.
503 1608 531 1649 c.
550 1584 708 1676 jungenda
718 1599 809 1650 sunt:
823 1593 907 1649 mitis
914 1583 955 1672 (s.
968 1581 1071 1671 ιηίιεε)
1081 1605 1156 1648 uvas
1164 1605 1178 1663 ‚·
1192 1606 1309 1673 quam-

278 1696 325 1761 vis
346 1711 463 1761 veteres
481 1704 565 1762 mitis
577 1707 748 1786 pampinus
769 1697 904 1785 junxisse
923 1695 1042 1784 possint
1065 1695 1186 1776 videri,
1211 1696 1309 1787 idque

280 1809 451 1873 imitatione
460 1831 515 1872 sua
525 1811 718 1897 expressisse:
743 1806 914 1889 Palladius,
925 1807 965 1874 de
976 1807 1159 1875 Insition.v.
1170 1810 1230 1875 49:

418 1943 605 2013 Degenerisque
622 1960 710 1995 comae
727 1941 827 2012 fastigio
844 1943 916 1996 mitis
934 1942 1069 1997 inumbrat
1384 1915 1385 1994 i

453 2037 603 2107 Pampinus5

279 2169 310 2219 et
329 2150 486 2232 Sedulius,
509 2151 614 2218 Carm.
639 2150 794 2218 Paschalis
816 2153 882 2238 111,
908 2155 966 2219 ii:

418 2335 492 2390 unu
509 2333 655 2388 inoccidui·
671 2337 772 2390 enutrn
788 2339 926 2411 prinpum
943 2356 1014 2393 um.

323 2493 385 2561 Sed
412 2496 563 2585 quoniam
588 2494 679 2560 video
707 2495 787 2560 mihi
810 2493 897 2562 aliud
919 2520 957 2562 ex
978 2494 1041 2562 alio
1061 2496 1230 2580 subnasci,
1255 2498 1303 2562 hic

278 2605 430 2692 subsisto,
453 2606 515 2672 hoc
537 2606 757 2672 brevissimum
781 2610 937 2697 specimen
959 2634 1182 2702 progressuum
1210 2635 1299 2676 meo-

278 2743 352 2786 rum
373 2721 408 2785 in
433 2718 531 2786 literis
554 2723 748 2810 proposuisse
770 2738 952 2806 contentus,
985 2725 1103 2814 majora
1130 2721 1303 2815 aliquando

278 2836 447 2907 maturiore
470 2851 585 2915 aetate,
608 2836 633 2900 si
650 2835 735 2902 Deus
755 2835 893 2927 juverit,
916 2835 1057 2902 daturus.
