2790 5116
549 422 727 486 -sr-
866 377 868 382 ⁸

249 695 254 712 '
371 741 374 748 ¹
420 735 561 808 cmm
585 739 839 822 saturnum.

172 940 240 1026 Quo
258 936 413 1003 Ammiani
432 937 502 1001 toea
518 934 672 1024 quaedam
692 957 751 1022 ope
769 919 850 1000 Mis.
871 935 1055 1024 supplentur
1071 951 1102 1002 et

522 1045 738 1112 emendantur.

170 1277 251 1342 Loca
264 1273 480 1340 'indicabimus
498 1273 637 1338 numeris
660 1273 846 1364 paginarum
867 1272 1009 1353 editionis
1029 1274 1147 1340 Linde·¹

117 1390 311 1454 munnianee
337 1387 378 1451 T.
408 1387 435 1450 I.
468 1383 615 1474 Corporis
645 1383 934 1450 Grammaticorum
960 1385 1148 1454 Latinorum

119 1520 280 1569 veterum.

170 1640 203 1703 p.
229 1614 305 1678 ill.
331 1612 365 1676 in
384 1610 442 1674 Ad
460 1622 491 1673 et
511 1607 599 1696 apud
617 1623 677 1672 etc.
700 1629 765 1670 —:
789 1605 856 1670 Sed
870 1616 999 1695 gravius
1017 1609 1067 1673 lu's
1089 1611 1149 1674 ud-

9 1695 13 1704 .
111 1729 232 1818 fertur
242 1723 418 1812 exeumlum
428 1721 584 1810 (e)prima
594 1721 772 1784 Actionem
785 1719 927 1783 Verrem.
936 1755 937 1760 κ
945 1719 1021 1785 Mss.
1034 1721 1145 1789 Leidd.

120 1858 163 1906 ut
176 1835 294 1930 Angeli
308 1837 405 1925 Maji:
418 1829 519 1924 'grave
536 1833 606 1896 Itis:
622 1831 709 1896 unde
727 1832 770 1895 ita
785 1828 873 1922 lege:
893 1841 1023 1920 gravius
1040 1835 1150 1924 affer.

122 1969 179 2019 tur
197 1950 383 2039 exemplum.
402 1949 509 2014 Lectio
529 1944 609 2014 Cod.
631 1943 718 2010 Gud.
742 1968 780 2009 ex
802 1945 992 2010 correctione
1011 1963 1079 2012 otta
1100 1951 1150 2014 vi-

123 2067 232 2133 detur.

169 2205 203 2268 p.
219 2180 296 2244 213.
311 2181 345 2244 in
360 2178 507 2243 Admovit
521 2176 566 2240 ad
578 2177 679 2240 hanc:
691 2211 733 2224 -
743 2174 910 2242 Verissime
922 2175 963 2240 ad
978 2175 1055 2242 haec
1066 2177 1151 2244 Bon-
1182 2249 1184 2256 ,

124 2294 255 2359 damus:
277 2290 379 2357 »sorte
403 2291 437 2354 in
454 2290 533 2354 duos
553 2285 700 2354 articulos
718 2286 902 2370 dividenda,
924 2304 963 2352 ut
981 2307 1054 2355 ante
1075 2291 1152 2359 Vir-

123 2403 214 2496 »gilii
236 2403 344 2470 locum
367 2403 515 2469 exciderit
532 2402 683 2468 Admovit
699 2401 771 2466 huic
795 2411 860 2482 rei,
879 2419 917 2467 ut
936 2426 1025 2492 saepe
1041 2401 1150 2470 alias.''

116 2519 192 2584 Nisi
210 2509 300 2583 malis
318 2518 454 2583 admovit
469 2517 553 2598 huic,
573 2509 638 2580 sine
657 2523 722 2579 rei:
742 2537 823 2604 quae
842 2538 904 2580 vox
919 2517 1013 2581 etiarn
1032 2518 1067 2583 in
1085 2517 1152 2585 sor-

124 2630 215 2696 mula
239 2631 388 2696 Admovit
404 2629 450 2692 ed
468 2629 549 2693 dune
566 2627 732 2695 omittitur.
1043 2617 1051 2690 ¹.
1141 2681 1143 2686 ,

87 2728 90 2734 ’
172 2768 205 2832 p.
221 2744 297 2808 stt.
315 2745 350 2807 in
368 2739 451 2808 calce
469 2738 576 2805 literae
586 2765 617 2805 a.
629 2739 806 2806 -Glossas
820 2767 859 2807 ex
876 2741 1110 2833 Symmachoh.
1125 2741 1148 2808 l.

128 2872 161 2920 et
181 2879 215 2942 p.
244 2857 307 2920 ill
330 2856 372 2919 ita
392 2852 486 2942 plane
509 2852 638 2919 exhibet
663 2870 837 2945 utrumque
861 2855 923 2920 Ms.
946 2857 1039 2920 utin
1062 2855 1151 2922 Gud.

126 2969 249 3035 invenit
267 2968 514 3033 Lindemannus.
539 2968 634 3032 Recte
650 2965 704 3031 ille
722 2970 827 3064 ejecit,
842 2967 986 3056 quamvis
1002 2969 1038 3031 in
1057 2967 1152 3032 Prae-

126 3079 245 3146 fatioue
267 3081 358 3146 eade
380 3105 414 3146 re
432 3079 588 3146 dubitasse
609 3079 762 3146 videatur.
791 3081 864 3147 Nou
888 3079 1045 3146 dubitavit
1067 3081 1153 3145 Bou-

126 3195 259 3273 damus‚
281 3195 337 3284 qui
366 3193 406 3258 ad
427 3193 463 3258 h.
487 3191 511 3258 l.
536 3193 676 3281 scripsit:
708 3193 859 3260 »Insititia
884 3193 961 3258 haec
980 3217 1043 3259 esse
1063 3175 1153 3258 facile

128 3332 144 3368 u
150 3321 236 3394 patet
244 3330 281 3370 ex
293 3306 468 3372 testimonio
486 3303 668 3372 Cassiodorii
685 3307 742 3396 qui
759 3307 908 3373 Messium
921 3325 1066 3374 nostrum
1075 3331 1154 3397 qua-

127 3419 276 3506 »drigam
295 3419 446 3506 scripsisse
468 3434 610 3499 testatur,
630 3420 664 3485 id
687 3435 749 3500 est,
772 3443 827 3485 sua
843 3444 882 3485 ex
901 3437 1039 3510 quatuor
1057 3421 1154 3508 scrip-

128 3530 274 3595 »toribus
282 3528 435 3621 Virgilio,
452 3531 613 3608 Terentio,
625 3529 793 3611 Cicerone,
806 3549 838 3597 et
847 3530 994 3599 Sallustio
1005 3534 1154 3620 desump-

129 3668 144 3704 u
151 3644 231 3708 sisse.
255 3639 372 3708 Nullus
394 3644 499 3732 itaque
514 3640 602 3709 locus
621 3642 810 3733 Symmacho
831 3667 893 3710 esse
911 3660 1028 3733 potest:
1049 3660 1155 3730 postea

129 3753 194 3818 »ab
211 3749 273 3818 alio
295 3754 399 3819 addita
418 3754 495 3819 haec
516 3754 698 3820 videntur.''
721 3754 814 3821 Adde
838 3756 926 3846 quod
944 3757 1038 3820 etiam
1056 3756 1090 3818 in
1114 3758 1155 3819 ti-

129 3865 200 3931 tulo
209 3889 306 3956 quem
315 3867 391 3932 Mss
401 3865 581 3955 praeferunt
590 3889 629 3930 ex
636 3863 685 3932 his
693 3881 818 3932 tantum
826 3868 1155 3957 auctoribusexempla

129 3981 227 4068 petita
250 4002 312 4044 esse
335 3979 491 4044 dicantur.
520 3979 563 4043 Et
582 3978 616 4043 h.
640 3976 664 4043 l.
689 4003 726 4044 eo
742 3977 862 4045 facilius
882 3981 921 4046 de
943 3981 1155 4048 additamento

130 4107 231 4180 potest
254 4093 396 4156 exsistere
423 4093 573 4180 suspicio,
602 4092 753 4180 quoniam
776 4093 809 4156 in
834 4091 898 4158 fine
925 4091 1033 4162 literae
1058 4095 1156 4188 glossa

131 4207 187 4270 ista
199 4201 324 4292 legitur.
350 4201 449 4270 Simili
466 4201 575 4269 fraude
586 4204 620 4267 in
633 4203 753 4268 Timaei
764 4204 878 4271 Lexico
890 4203 1051 4280 Platonico
1062 4206 1156 4275 semel
