2790 5116
526 441 676 504 ..5..
780 445 784 458 ·

70 629 72 638 ‘
96 623 241 687 adamare
254 623 359 709 coepi,
374 627 540 712 postquam
549 624 751 710 interpretem
761 623 796 686 iis
804 621 937 688 adhibui
947 622 1113 701 Vossinm,

100 737 206 824 magni
224 735 356 799 nominis
369 743 496 822 poetam
514 734 748 801 Germanicum.
778 735 897 818 Quare,
921 757 995 800 eum
1013 734 1113 802 Vossii

100 848 261 912 auctoritas
269 844 446 934 plurimum
455 847 541 935 apud
550 871 604 912 me
615 845 717 912 valeat
725 897 737 928 ,
754 847 909 938 quaedam
921 847 963 913 'de
973 847 1035 912 boc
1045 845 1115 912 loco

99 960 253 1040 dicturus,
264 976 336 1025 ante
346 961 451 1024 omnia
461 957 557 1025 re'rba
567 963 631 1049 ejus
641 983 816 1049 apponam,
828 961 946 1051 quibus
958 963 991 1026 in
1005 961 1116 1026 eodem

99 1069 280 1160 explicando
304 1095 378 1136 usus
400 1087 455 1136 est.
486 1073 586 1163 Igitur
615 1073 656 1138 ad
680 1070 750 1138 illat'
778 1049 940 1153 arescatis,
972 1077 1114 1138 amores!

98 1187 177 1251 baec
188 1186 328 1251 notavit:
345 1188 504 1250 »Amores
517 1183 688 1276 significare
706 1202 836 1274 possunt
852 1194 1004 1269 ammam,
1028 1191 1116 1274 cujus

98 1321 235 1364 »nomen
261 1319 335 1362 oum
359 1297 470 1362 arbore
498 1315 622 1364 crescat.
656 1297 716 1364 Sed
745 1298 937 1364 consuetudo
962 1296 1115 1388 loquendi

98 1411 292 1503 »Virgiliana
307 1412 434 1496 audet,
452 1430 488 1478 ut
504 1417 654 1502 majorem
670 1415 737 1479 vim
754 1413 922 1478 sententiae
941 1409 1116 1476 tribuamus

98 1523 219 1590 abano:
245 1524 328 1604 sore,
350 1543 387 1592 ut
407 1548 481 1590 cum
498 1525 682 1604 arboribus,
703 1527 737 1589 in
756 1547 893 1614 quarum
912 1525 1024 1588 cortice
1042 1547 1118 1611 pro-

98 1635 213 1704 ssessus
229 1655 294 1702 erat
309 1661 449 1717 amores,
464 1638 528 1724 ipse
541 1661 642 1719 amor,
658 1639 762 1723 ipsum
784 1633 970 1700 desiderium
989 1636 1115 1712 amicae,

98 1775 137 1814 »a
161 1773 225 1840 qua
242 1750 491 1826 asecdaersus,
510 1747 698 1812 cresceres*
958 1833 961 1836 Ι

141 1861 259 1928 Maluit
272 1885 346 1951 ergo
363 1860 508 1939 Vossius,
521 1857 635 1924 verba:
653 1867 803 1926 crescatis
812 1862 959 1924 amores!-
971 1857 1010 1922 de
1023 1859 1119 1922 animi

97 1973 213 2040 affectu
236 1970 389 2062 intelligi,
415 1995 511 2060 qrrarn
534 1970 573 2036 de
596 1973 724 2037 nomine
748 1969 871 2060 puellae
895 1987 1023 2036 amatae.
1049 1971 1118 2035 Pri-

97 2110 190 2152 mum
207 2083 358 2164 observo,
378 2107 444 2150 non
458 2082 547 2148 aliter
566 2107 663 2174 quam
681 2084 847 2164 Vossium,
870 2081 1054 2150 intellexisse
1070 2085 1119 2148 vi-

99 2197 167 2261 deri
183 2213 311 2262 veteres.
329 2195 452 2263 Servius
467 2199 645 2264 annotavit:
669 2199 784 2281 »Quasi
797 2199 825 2262 ei
837 2199 951 2262 iterum
964 2194 1118 2285 displicet,

98 2333 162 2374 »ne
181 2333 256 2374 eum
274 2307 439 2398 arboribus
455 2303 519 2398 ejus
532 2325 669 2376 crescant
683 2309 835 2381 amores?
855 2309 939 2374 Haec
953 2310 1009 2398 qui
1023 2310 1120 2396 serip-

97 2423 154 2501 sit,
185 2419 276 2487 aliter
304 2419 477 2513 intelligere
504 2446 569 2488 non
597 2424 711 2511 potuit.
741 2421 883 2487 Donatus
912 2420 951 2485 ad
981 2422 1119 2486 Terentii

97 2533 206 2614 verba,
228 2531 332 2600 Andr.
346 2534 407 2617 III,
425 2535 494 2613 3,7:
513 2557 577 2623 per
597 2547 736 2598 nostram
752 2541 920 2598 amicitiam
930 2581 940 2612 ,
960 2532 1118 2612 Chremes,

101 2649 190 2734 Quae
205 2655 331 2734 incepta
346 2670 368 2710 a
378 2646 522 2735 parvulis
537 2637 606 2712 eum
623 2659 724 2711 aetate
742 2646 880 2711 adcrevit
894 2645 1000 2725 simul,
1022 2645 1116 2710 dixit:

99 2761 202 2826 »Hinc
227 2759 398 2848 Virgilius:
419 2795 464 2810 —-
491 2757 637 2823 Crescent
659 2758 749 2839 illae,
783 2766 932 2822 crescatis·
957 2758 1128 2822 amoresi'''

97 2874 240 2940 Donatus
260 2850 349 2958 saepe
366 2893 531 2958 perperam
552 2885 583 2933 et
603 2871 668 2934 sine
685 2868 792 2958 aliqua
811 2871 876 2934 veri
894 2871 993 2956 speeie
1012 2868 1128 2958 Virgi--

74 3027 76 3030 -
98 2985 178 3052 lium
192 2983 350 3077 quaedam
369 3005 407 3046 ex
418 2983 565 3046 Terentio
583 2981 762 3068 expressisse
775 2982 915 3068 putavit:
935 2982 977 3043 ita
998 2997 1101 3044 tamen
1109 3030 1125 3060 ,.

96 3104 142 3164 ut'
155 3099 255 3165 verba
279 3097 444 3185 utriusque
471 3115 538 3158 non
565 3094 669 3181 inepte
697 3093 868 3180 comparari
896 3093 1029 3180 possint,
1060 3093 1124 3159 hoc

99 3228 206 3276 autern
236 3207 306 3274 loco
334 3203 460 3298 Virgilii
486 3203 585 3270 verba
612 3227 687 3270 cum
716 3205 909 3270 Terentianis
936 3229 1124 3295 componere

99 3321 194 3412 plane
215 3345 281 3387 non
306 3321 426 3409 potuit,
451 3319 511 3383 nisi
533 3319 575 3382 ita
600 3343 634 3382 ea
658 3319 700 3390 sit¹
721 3319 957 3406 interpretatus,
984 3334 1022 3382 ut
1049 3317 1121 3384 secit
1184 3327 1187 3334 '

101 3433 238 3500 Servius.
260 3430 382 3498 Clarius
406 3429 515 3496 eadem
535 3431 746 3518 interpretatio
776 3445 807 3494 et
831 3427 924 3494 latius
948 3428 1121 3518 explicatur

103 3549 136 3611 in
158 3546 393 3635 Epigrammata
418 3566 456 3607 ex
480 3540 529 3606 his
555 3543 625 3629 ipsis
650 3539 776 3632 Virgilii
801 3541 940 3607 versibus
962 3565 1122 3629 expresso,

76 3679 79 3686 ⁴
103 3659 192 3749 quod
201 3655 352 3723 tribuitur
362 3653 491 3748 Florida
500 3701 510 3733 ,
527 3653 560 3717 in
571 3650 705 3718 Anthol.
720 3654 831 3718 Latina
841 3655 1014 3720 Burmanni
1024 3656 1117 3718 Tom.

104 3772 131 3835 I.
149 3795 182 3859 p.
203 3771 280 3837 687:

245 3949 354 4019 Quando
371 3949 501 4020 ponebam
517 3947 629 4016 novellas
647 3948 748 4000 arbores
765 3947 834 3998 mali
845 3955 872 3996 et
890 3947 954 4015 piri,

245 4047 339 4098 Cortici
357 4063 469 4097 summae
488 4044 575 4096 notavi
594 4047 690 4094 nomen
707 4040 804 4094 ardoris
822 4041 881 4093 mei.

246 4141 325 4192 Nulla
342 4141 371 4192 fit
390 4138 483 4191 exinde
501 4139 559 4190 linis
577 4137 619 4190 vel
638 4137 709 4207 quiea
727 4133 866 4205 cupidinis,

247 4235 342 4289 Crescit
360 4233 443 4299 arbor,
464 4233 546 4302 gliscit
565 4231 649 4296 ardor,
669 4249 753 4284 ramus
771 4229 862 4300 implet
878 4230 974 4282 literar.
