2790 5116
711 393 886 456 ...49-

376 575 539 640 emese»
561 573 666 641 mitta
685 599 730 639 re.
760 577 891 640 sormi.
920 574 1012 640 casu.
1040 527 1085 640 ω’
1099 597 1175 666 agro
1197 576 1311 642 Piceno

419 687 624 776 praesidebat.

287 825 321 891 p.
350 802 427 866 rte.
451 802 491 865 In
510 801 673 890 Projeotus
693 810 729 866 in
747 801 807 866 liae
834 825 878 867 ne.
908 799 1011 866 Codd.
1037 799 1125 865 Leid.
1153 824 1215 889 pro
1236 803 1313 867 Pro-

280 921 387 1003 secius
404 913 464 978 tae
485 937 541 977 re:
570 911 708 978 habent:
731 915 771 979 P.
802 913 874 978 huie
898 921 954 979 rei.
999 910 1194 996 Rectissim03
1220 914 1314 1004 idque

288 1028 424 1116 pertinet
444 1024 485 1091 ad
500 1039 621 1105 terroe,
640 1026 728 1114 qpod
745 1043 789 1090 cst
813 1025 900 1114 apud
918 1023 1102 1116 Virgilium.

288 1162 322 1228 p.
343 1139 420 1204 268.
443 1139 477 1203 in
494 1139 643 1202 Resonet.
675 1138 788 1204 Leidd.
803 1137 930 1203 melius:
954 1139 1094 1204 Resonet
1113 1139 1314 1204 illecamtiue

288 1252 375 1316 illum
397 1251 517 1330 locum,
540 1273 616 1339 pro:
642 1250 696 1314 illo
718 1275 816 1314 earm.

288 1361 408 1428 ibidem
424 1385 499 1451 pro:
540 1363 666 1428 Resi'elet
684 1363 740 1427 illo
751 1387 785 1428 re
799 1363 910 1428 iidem:
934 1363 1064 1428 Resedit
1077 1363 1134 1428 ille
1154 1387 1213 1429 re:
1230 1364 1314 1454 quod

289 1477 386 1568 magis
402 1477 549 1542 convenit
567 1497 642 1540 cum
659 1477 801 1564 sequenti
817 1474 944 1540 Resedit
965 1483 999 1539 in
1015 1475 1073 1540 ilio
1090 1499 1134 1541 re.

289 1615 322 1678 p.
340 1591 418 1656 269.
443 1589 506 1656 Pro
522 1591 654 1654 Restitui
668 1597 701 1652 in
715 1589 802 1654 ilium
818 1589 940 1654 locum:
962 1587 1065 1654 multo
1081 1590 1195 1654 rectius
1210 1589 1309 1656 Godd.

175 1773 176 1778 γ
288 1703 400 1768 Leidd.
423 1703 556 1768 Hermai
573 1701 659 1766 illum
679 1711 713 1766 in
734 1702 843 1766 locum.
1172 1691 1174 1696 ⁵

289 1840 329 1902 p„
349 1817 427 1882 261.
460 1817 511 1881 in:
539 1815 654 1881 Subter
679 1815 765 1880 illem
791 1839 866 1880 rem.
911 1816 1033 1880 Iterum
1052 1814 1149 1881 rerba
1166 1815 1314 1884 Anteiam

289 1953 373 2018 quae
392 1929 571 1995 exciderant
594 1926 744 2016 supplent
765 1927 866 2005 Codd.
888 1929 999 2021 Leidd.
1019 1944 1090 2018 post
1114 1928 1185 1995 illa:
1211 1931 1314 1996 subter

290 2065 395 2121 mare,
413 2043 462 2125 ‚ita
482 2041 657 2133 pergendo:

378 2153 493 2218 Subter
502 2155 557 2218 illa
567 2178 611 2219 re.
640 2154 732 2242 Virg.
744 2157 828 2219 Aen.
842 2156 906 2221 IX.
927 2155 956 2220 F
956 2179 1024 2220 erre
1033 2159 1122 2245 juvat
1129 2155 1240 2223 subter
1253 2175 1308 2224 etc.

289 2264 336 2333 ib.
353 2266 389 2331 in
407 2267 611 2355 Suppeditot‚
633 2264 710 2332 illis:
735 2269 943 2356 Suppeditere
956 2271 1107 2335 sumtibus
1126 2273 1202 2337 volo
1220 2273 1310 2368 iidenp

290 2376 392 2462 codd.
409 2379 532 2444 addunt
545 2403 655 2445 vocem
668 2380 730 2445 hoc
743 2381 855 2446 modo:
872 2383 1081 2471 Suppeditcre
1102 2385 1149 2449 illi
1164 2399 1257 2450 sumi.
1276 2411 1307 2450 v.

290 2513 323 2577 p.
351 2492 427 2556 263.
452 2492 487 2556 in
506 2493 649 2581 Sparge,
670 2493 826 2561 adhaec:
851 2497 975 2585 Sparge
994 2497 1048 2562 illo
1069 2498 1165 2581 illud,
1189 2499 1311 2565 Bouda-

290 2626 377 2668 mus:
397 2603 457 2668 eL.
483 2627 598 2693 sparge
616 2607 665 2671 illi
689 2607 802 2672 illud.’'

290 2739 323 2802 p.
351 2717 427 2783 266.
457 2716 556 2805 Usque
575 2720 631 2784 sub
649 2721 738 2785 illem
756 2746 832 2786 rem.
866 2722 922 2788 His
944 2724 1048 2790 verbis
1070 2724 1172 2792 codd.
1196 2727 1308 2792 Leidd,

289 2829 430 2894 addunt:
455 2831 536 2896 duos
552 2841 817 2921 praepositiones.

333 2943 377 3008 Et
402 2942 479 3008 haec
498 2946 629 3033 quidem
646 2950 814 3036 praecipua
832 2966 907 3015 sunt
927 2974 1008 3039 quae
1031 2976 1070 3016 ex
1090 2951 1152 3018 iliis
1169 2951 1258 3020 libris
1279 2957 1309 3018 in

290 3054 437 3122 Arusisuu
464 3057 568 3125 verbis
596 3058 756 3128 emendari
781 3086 869 3150 posse
896 3064 1089 3131 riderentur.
1143 3067 1310 3134 Varietate
1389 3105 1390 3164 p

183 3229 185 3234 ,
290 3165 429 3235 lectionis
447 3173 481 3235 in
497 3170 573 3238 locis
589 3199 669 3263 quos
687 3199 726 3240 ex
744 3174 811 3240 aliis
826 3178 1029 3265 scriptoribus
1045 3181 1121 3246 citat
1135 3177 1241 3245 nullas
1254 3203 1311 3245 no-

291 3282 442 3346 tavimus:
459 3285 513 3349 sed
533 3289 596 3374 jam
617 3289 708 3352 tertio
730 3291 847 3376 capite,
865 3314 947 3379 quae
965 3293 1007 3358 ad
1025 3291 1199 3384 fragmenta
1217 3295 1310 3380 scrip-

291 3410 409 3475 torum,
426 3397 615 3484 apudhunc
630 3425 734 3466 unum
749 3420 908 3470 auctorem
926 3425 1062 3487 servata,
1081 3406 1191 3496 paullo
1205 3431 1310 3472 emen-
1389 3397 1390 3478 ᾗ

291 3506 392 3573 datius
417 3509 580 3576 scribenda
599 3515 780 3604 apographa
800 3517 1033 3585 Burmanniana
1050 3520 1142 3586 nobis
1166 3520 1310 3609 suppedi-
1389 3527 1390 3584 1

291 3623 441 3702 triverint,
459 3622 650 3714 colligemus.

743 3881 858 3906 -0-
