<?xml version="1.0" encoding="UTF-8"?>
<!DOCTYPE html PUBLIC "-//W3C//DTD XHTML 1.0 Transitional//EN"
    "http://www.w3.org/TR/xhtml1/DTD/xhtml1-transitional.dtd">
<html xmlns="http://www.w3.org/1999/xhtml" xml:lang="en" lang="en">
 <head>
  <title>
</title>
<meta http-equiv="Content-Type" content="text/html;charset=utf-8" />
  <meta name='ocr-system' content='tesseract 3.04.00' />
  <meta name='ocr-capabilities' content='ocr_page ocr_carea ocr_par ocr_line ocrx_word'/>
</head>
<body>
  <div class='ocr_page' id='page_1' title='image "./denonnullisloci00hoevgoog_0015.png"; bbox 0 0 2790 5116; ppageno 0'>
   <div class='ocr_carea' id='block_1_1' title="bbox 733 479 886 540">
    <p class='ocr_par' dir='ltr' id='par_1_1' title="bbox 733 479 886 540">
     <span class='ocr_line' id='line_1_1' title="bbox 733 479 886 540; baseline 0.007 -12"><span class='ocrx_word' id='word_1_1' title='bbox 733 479 886 540; x_wconf 72' lang='lat'><em>..2-</em></span> 
     </span>
    </p>
   </div>
   <div class='ocr_carea' id='block_1_2' title="bbox 342 657 1315 752">
    <p class='ocr_par' dir='ltr' id='par_1_2' title="bbox 342 657 1315 752">
     <span class='ocr_line' id='line_1_2' title="bbox 342 657 1315 752; baseline -0.005 -22"><span class='ocrx_word' id='word_1_2' title='bbox 342 665 396 732; x_wconf 86' lang='lat' dir='ltr'><strong>Ad</strong></span> <span class='ocrx_word' id='word_1_3' title='bbox 412 689 445 732; x_wconf 80' lang='lat' dir='ltr'><strong>v.</strong></span> <span class='ocrx_word' id='word_1_4' title='bbox 465 665 497 730; x_wconf 87' lang='lat'><strong>8.</strong></span> <span class='ocrx_word' id='word_1_5' title='bbox 520 665 644 752; x_wconf 82' lang='lat' dir='ltr'><strong>Quaeso</strong></span> <span class='ocrx_word' id='word_1_6' title='bbox 655 671 792 748; x_wconf 78' lang='lat' dir='ltr'><strong>animum</strong></span> <span class='ocrx_word' id='word_1_7' title='bbox 804 659 970 750; x_wconf 77' lang='lat' dir='ltr'><em>advortite]</em></span> <span class='ocrx_word' id='word_1_8' title='bbox 986 662 1135 724; x_wconf 76' lang='lat' dir='ltr'><strong>Animum</strong></span> <span class='ocrx_word' id='word_1_9' title='bbox 1146 657 1315 739; x_wconf 76' lang='lat' dir='ltr'><em>advortite,</em></span> 
     </span>
    </p>
   </div>
   <div class='ocr_carea' id='block_1_3' title="bbox 151 769 1314 878">
    <p class='ocr_par' dir='ltr' id='par_1_3' title="bbox 151 769 1314 878">
     <span class='ocr_line' id='line_1_3' title="bbox 151 769 1314 878; baseline -0.006 -33"><span class='ocrx_word' id='word_1_10' title='bbox 151 865 161 878; x_wconf 40' lang='lat'><strong>·</strong></span> <span class='ocrx_word' id='word_1_11' title='bbox 228 772 230 778; x_wconf 65' lang='grc'><strong>’</strong></span> <span class='ocrx_word' id='word_1_12' title='bbox 297 775 350 844; x_wconf 85' lang='lat' dir='ltr'><strong>vel</strong></span> <span class='ocrx_word' id='word_1_13' title='bbox 382 777 636 860; x_wconf 63' lang='lat' dir='ltr'><strong>animadvertite,</strong></span> <span class='ocrx_word' id='word_1_14' title='bbox 658 798 744 841; x_wconf 90' lang='lat' dir='ltr'><strong>nunc</strong></span> <span class='ocrx_word' id='word_1_15' title='bbox 772 799 834 840; x_wconf 89' lang='lat' dir='ltr'><strong>esse</strong></span> <span class='ocrx_word' id='word_1_16' title='bbox 855 771 979 839; x_wconf 84' lang='lat' dir='ltr'><strong>videtur</strong></span> <span class='ocrx_word' id='word_1_17' title='bbox 1004 773 1038 835; x_wconf 92' lang='lat' dir='ltr'><strong>in</strong></span> <span class='ocrx_word' id='word_1_18' title='bbox 1065 769 1213 835; x_wconf 89' lang='lat' dir='ltr'><strong>omnibus</strong></span> <span class='ocrx_word' id='word_1_19' title='bbox 1238 771 1314 838; x_wconf 75' lang='lat' dir='ltr'><strong>Mes.</strong></span> 
     </span>
    </p>
   </div>
   <div class='ocr_carea' id='block_1_4' title="bbox 238 879 1371 4120">
    <p class='ocr_par' dir='ltr' id='par_1_4' title="bbox 298 879 1341 1428">
     <span class='ocr_line' id='line_1_4' title="bbox 298 879 1315 970; baseline -0.009 -14"><span class='ocrx_word' id='word_1_20' title='bbox 298 888 344 956; x_wconf 85' lang='lat' dir='ltr'><strong>At</strong></span> <span class='ocrx_word' id='word_1_21' title='bbox 368 887 445 956; x_wconf 90' lang='lat' dir='ltr'><strong>olim</strong></span> <span class='ocrx_word' id='word_1_22' title='bbox 467 887 563 954; x_wconf 78' lang='lat' dir='ltr'><strong>aliam</strong></span> <span class='ocrx_word' id='word_1_23' title='bbox 582 889 676 953; x_wconf 89' lang='lat' dir='ltr'><strong>etiam</strong></span> <span class='ocrx_word' id='word_1_24' title='bbox 700 884 867 952; x_wconf 89' lang='lat' dir='ltr'><strong>lectionem</strong></span> <span class='ocrx_word' id='word_1_25' title='bbox 894 885 928 949; x_wconf 90' lang='lat' dir='ltr'><strong>in</strong></span> <span class='ocrx_word' id='word_1_26' title='bbox 953 879 1183 970; x_wconf 79' lang='lat' dir='ltr'>exemplaribus</span> <span class='ocrx_word' id='word_1_27' title='bbox 1206 880 1315 962; x_wconf 83' lang='lat' dir='ltr'><strong>fuisse,</strong></span> 
     </span>
     <span class='ocr_line' id='line_1_5' title="bbox 299 995 1341 1093; baseline -0.012 -23"><span class='ocrx_word' id='word_1_28' title='bbox 299 1005 390 1070; x_wconf 88' lang='lat' dir='ltr'><strong>docet</strong></span> <span class='ocrx_word' id='word_1_29' title='bbox 401 1028 458 1069; x_wconf 92' lang='lat' dir='ltr'><strong>nos</strong></span> <span class='ocrx_word' id='word_1_30' title='bbox 473 1003 625 1068; x_wconf 82' lang='lat' dir='ltr'><strong>Donatus.</strong></span> <span class='ocrx_word' id='word_1_31' title='bbox 647 1001 797 1093; x_wconf 82' lang='lat' dir='ltr'><strong>»Legitur</strong></span> <span class='ocrx_word' id='word_1_32' title='bbox 814 997 945 1089; x_wconf 89' lang='lat' dir='ltr'><strong>(inquit)</strong></span> <span class='ocrx_word' id='word_1_33' title='bbox 963 1013 995 1061; x_wconf 89' lang='lat' dir='ltr'><strong>et</strong></span> <span class='ocrx_word' id='word_1_34' title='bbox 1009 995 1192 1060; x_wconf 85' lang='lat' dir='ltr'><strong>attendite.&#39;&#39;</strong></span> <span class='ocrx_word' id='word_1_35' title='bbox 1208 995 1317 1059; x_wconf 86' lang='lat' dir='ltr'><strong>Mirari</strong></span> <span class='ocrx_word' id='word_1_36' title='bbox 1338 1009 1341 1014; x_wconf 81' lang='grc'>’</span> 
     </span>
     <span class='ocr_line' id='line_1_6' title="bbox 299 1106 1318 1206; baseline -0.008 -24"><span class='ocrx_word' id='word_1_37' title='bbox 299 1139 424 1184; x_wconf 89' lang='lat' dir='ltr'><strong>mecum</strong></span> <span class='ocrx_word' id='word_1_38' title='bbox 442 1112 538 1198; x_wconf 87' lang='lat' dir='ltr'><strong>soleo,</strong></span> <span class='ocrx_word' id='word_1_39' title='bbox 562 1115 649 1206; x_wconf 88' lang='lat' dir='ltr'><strong>quod</strong></span> <span class='ocrx_word' id='word_1_40' title='bbox 666 1116 810 1205; x_wconf 81' lang='lat' dir='ltr'><strong>magister</strong></span> <span class='ocrx_word' id='word_1_41' title='bbox 829 1109 884 1176; x_wconf 87' lang='lat' dir='ltr'><strong>ille</strong></span> <span class='ocrx_word' id='word_1_42' title='bbox 901 1108 1032 1176; x_wconf 84' lang='lat' dir='ltr'><strong>addidit.</strong></span> <span class='ocrx_word' id='word_1_43' title='bbox 1056 1106 1140 1174; x_wconf 80' lang='lat' dir='ltr'><strong>Nem</strong></span> <span class='ocrx_word' id='word_1_44' title='bbox 1156 1129 1229 1174; x_wconf 85' lang='lat' dir='ltr'><strong>eum</strong></span> <span class='ocrx_word' id='word_1_45' title='bbox 1250 1133 1318 1176; x_wconf 87' lang='lat' dir='ltr'><strong>cer·</strong></span> 
     </span>
     <span class='ocr_line' id='line_1_7' title="bbox 299 1221 1314 1309; baseline -0.005 -18"><span class='ocrx_word' id='word_1_46' title='bbox 299 1242 369 1292; x_wconf 92' lang='lat' dir='ltr'><strong>tum</strong></span> <span class='ocrx_word' id='word_1_47' title='bbox 402 1230 460 1309; x_wconf 90' lang='lat' dir='ltr'><strong>sit,</strong></span> <span class='ocrx_word' id='word_1_48' title='bbox 487 1250 590 1293; x_wconf 87' lang='lat' dir='ltr'><strong>unum</strong></span> <span class='ocrx_word' id='word_1_49' title='bbox 623 1243 749 1292; x_wconf 88' lang='lat' dir='ltr'><strong>tantum</strong></span> <span class='ocrx_word' id='word_1_50' title='bbox 780 1249 819 1290; x_wconf 84' lang='lat' dir='ltr'><strong>ex</strong></span> <span class='ocrx_word' id='word_1_51' title='bbox 850 1221 976 1289; x_wconf 87' lang='lat' dir='ltr'><strong>duobus</strong></span> <span class='ocrx_word' id='word_1_52' title='bbox 1006 1245 1067 1287; x_wconf 88' lang='lat' dir='ltr'><strong>esse</strong></span> <span class='ocrx_word' id='word_1_53' title='bbox 1099 1245 1117 1284; x_wconf 84' lang='lat' dir='ltr'><strong>a</strong></span> <span class='ocrx_word' id='word_1_54' title='bbox 1147 1222 1314 1300; x_wconf 87' lang='lat' dir='ltr'><strong>Terentio,</strong></span> 
     </span>
     <span class='ocr_line' id='line_1_8' title="bbox 298 1334 1315 1428; baseline -0.002 -25"><span class='ocrx_word' id='word_1_55' title='bbox 298 1337 353 1404; x_wconf 92' lang='lat' dir='ltr'><strong>ille</strong></span> <span class='ocrx_word' id='word_1_56' title='bbox 374 1356 478 1405; x_wconf 84' lang='lat' dir='ltr'><strong>tamen</strong></span> <span class='ocrx_word' id='word_1_57' title='bbox 496 1339 643 1428; x_wconf 84' lang='lat' dir='ltr'><strong>subjecit:</strong></span> <span class='ocrx_word' id='word_1_58' title='bbox 666 1337 785 1404; x_wconf 84' lang='lat' dir='ltr'><strong>»Unde</strong></span> <span class='ocrx_word' id='word_1_59' title='bbox 803 1335 1003 1402; x_wconf 84' lang='lat' dir='ltr'><strong>manifestum</strong></span> <span class='ocrx_word' id='word_1_60' title='bbox 1022 1351 1085 1414; x_wconf 89' lang='lat' dir='ltr'><strong>est,</strong></span> <span class='ocrx_word' id='word_1_61' title='bbox 1101 1351 1132 1398; x_wconf 90' lang='lat' dir='ltr'><strong>et</strong></span> <span class='ocrx_word' id='word_1_62' title='bbox 1149 1334 1315 1414; x_wconf 82' lang='lat' dir='ltr'><strong>advertite,</strong></span> 
     </span>
    </p>

    <p class='ocr_par' dir='ltr' id='par_1_5' title="bbox 274 1435 1319 2550">
     <span class='ocr_line' id='line_1_9' title="bbox 274 1435 1315 1540; baseline -0.003 -26"><span class='ocrx_word' id='word_1_63' title='bbox 274 1435 275 1440; x_wconf 8' lang='grc' dir='ltr'>ἵ</span> <span class='ocrx_word' id='word_1_64' title='bbox 297 1469 352 1517; x_wconf 79' lang='grc' dir='ltr'><strong>»ει</strong></span> <span class='ocrx_word' id='word_1_65' title='bbox 371 1453 538 1532; x_wconf 84' lang='lat' dir='ltr'><strong>attendite,</strong></span> <span class='ocrx_word' id='word_1_66' title='bbox 561 1475 628 1518; x_wconf 92' lang='lat' dir='ltr'><strong>non</strong></span> <span class='ocrx_word' id='word_1_67' title='bbox 645 1475 707 1518; x_wconf 89' lang='lat' dir='ltr'><strong>esse</strong></span> <span class='ocrx_word' id='word_1_68' title='bbox 724 1449 877 1540; x_wconf 88' lang='lat' dir='ltr'><strong>plenum,</strong></span> <span class='ocrx_word' id='word_1_69' title='bbox 898 1448 956 1516; x_wconf 83' lang='lat' dir='ltr'><strong>nisi</strong></span> <span class='ocrx_word' id='word_1_70' title='bbox 974 1446 1128 1513; x_wconf 85' lang='lat' dir='ltr'>addideris</span> <span class='ocrx_word' id='word_1_71' title='bbox 1146 1450 1315 1514; x_wconf 85' lang='lat' dir='ltr'><strong>animum.’&#39;</strong></span> 
     </span>
     <span class='ocr_line' id='line_1_10' title="bbox 298 1558 1317 1652; baseline -0.001 -23"><span class='ocrx_word' id='word_1_72' title='bbox 298 1566 429 1631; x_wconf 82' lang='lat' dir='ltr'><strong>Interim</strong></span> <span class='ocrx_word' id='word_1_73' title='bbox 445 1565 521 1632; x_wconf 92' lang='lat' dir='ltr'><strong>huic</strong></span> <span class='ocrx_word' id='word_1_74' title='bbox 535 1565 672 1631; x_wconf 65' lang='lat' dir='ltr'><strong>dieasse</strong></span> <span class='ocrx_word' id='word_1_75' title='bbox 687 1562 830 1647; x_wconf 89' lang='lat' dir='ltr'><strong>lectioni,</strong></span> <span class='ocrx_word' id='word_1_76' title='bbox 848 1587 920 1629; x_wconf 90' lang='lat' dir='ltr'><strong>sane</strong></span> <span class='ocrx_word' id='word_1_77' title='bbox 939 1563 1105 1652; x_wconf 86' lang='lat' dir='ltr'><strong>antiquae,</strong></span> <span class='ocrx_word' id='word_1_78' title='bbox 1120 1558 1245 1626; x_wconf 86' lang='lat' dir='ltr'><strong>fortasse</strong></span> <span class='ocrx_word' id='word_1_79' title='bbox 1257 1585 1317 1628; x_wconf 94' lang='lat' dir='ltr'><strong>no·</strong></span> 
     </span>
     <span class='ocr_line' id='line_1_11' title="bbox 297 1671 1318 1766; baseline -0.008 -22"><span class='ocrx_word' id='word_1_80' title='bbox 297 1703 371 1744; x_wconf 86' lang='lat' dir='ltr'><strong>vam</strong></span> <span class='ocrx_word' id='word_1_81' title='bbox 385 1681 599 1747; x_wconf 84' lang='lat' dir='ltr'><strong>auctoritatem</strong></span> <span class='ocrx_word' id='word_1_82' title='bbox 617 1679 732 1745; x_wconf 73' lang='lat' dir='ltr'><strong>addere</strong></span> <span class='ocrx_word' id='word_1_83' title='bbox 748 1695 868 1766; x_wconf 86' lang='lat' dir='ltr'><strong>potero.</strong></span> <span class='ocrx_word' id='word_1_84' title='bbox 891 1675 1065 1742; x_wconf 81' lang='lat' dir='ltr'><strong>Arusianus</strong></span> <span class='ocrx_word' id='word_1_85' title='bbox 1083 1673 1213 1738; x_wconf 88' lang='lat' dir='ltr'><strong>Messius</strong></span> <span class='ocrx_word' id='word_1_86' title='bbox 1228 1674 1260 1738; x_wconf 90' lang='lat' dir='ltr'><strong>in</strong></span> <span class='ocrx_word' id='word_1_87' title='bbox 1277 1671 1318 1737; x_wconf 90' lang='lat' dir='ltr'><strong>li-</strong></span> 
     </span>
     <span class='ocr_line' id='line_1_12' title="bbox 297 1783 1316 1880; baseline -0.007 -24"><span class='ocrx_word' id='word_1_88' title='bbox 297 1787 383 1856; x_wconf 85' lang='lat' dir='ltr'><strong>bello</strong></span> <span class='ocrx_word' id='word_1_89' title='bbox 395 1792 446 1856; x_wconf 90' lang='lat' dir='ltr'><strong>cui</strong></span> <span class='ocrx_word' id='word_1_90' title='bbox 460 1788 571 1856; x_wconf 89' lang='lat' dir='ltr'><strong>titulus</strong></span> <span class='ocrx_word' id='word_1_91' title='bbox 590 1791 749 1880; x_wconf 74' lang='lat' dir='ltr'><strong>Exemplo</strong></span> <span class='ocrx_word' id='word_1_92' title='bbox 761 1789 996 1867; x_wconf 78' lang='lat' dir='ltr'><strong>Elorutiomtm,</strong></span> <span class='ocrx_word' id='word_1_93' title='bbox 1017 1783 1077 1850; x_wconf 78' lang='lat' dir='ltr'><strong>suls</strong></span> <span class='ocrx_word' id='word_1_94' title='bbox 1087 1807 1157 1850; x_wconf 84' lang='lat' dir='ltr'><strong>voc.</strong></span> <span class='ocrx_word' id='word_1_95' title='bbox 1178 1785 1316 1849; x_wconf 82' lang='lat' dir='ltr'><strong>Attendo</strong></span> 
     </span>
     <span class='ocr_line' id='line_1_13' title="bbox 293 1895 1313 1990; baseline -0.008 -22"><span class='ocrx_word' id='word_1_96' title='bbox 293 1911 446 1982; x_wconf 79' lang='lat' dir='ltr'><strong>animum,</strong></span> <span class='ocrx_word' id='word_1_97' title='bbox 466 1902 585 1990; x_wconf 83' lang='lat' dir='ltr'><strong>scripsit</strong></span> <span class='ocrx_word' id='word_1_98' title='bbox 609 1901 783 1967; x_wconf 86' lang='lat' dir='ltr'><strong>secundum</strong></span> <span class='ocrx_word' id='word_1_99' title='bbox 803 1899 972 1965; x_wconf 83' lang='lat' dir='ltr'><strong>editionem</strong></span> <span class='ocrx_word' id='word_1_100' title='bbox 989 1895 1074 1988; x_wconf 82' lang='lat' dir='ltr'><strong>Ang.</strong></span> <span class='ocrx_word' id='word_1_101' title='bbox 1098 1896 1194 1985; x_wconf 68' lang='lat' dir='ltr'><strong>Maii:</strong></span> <span class='ocrx_word' id='word_1_102' title='bbox 1216 1919 1231 1958; x_wconf 80' lang='lat' dir='ltr'><strong>n</strong></span> <span class='ocrx_word' id='word_1_103' title='bbox 1241 1897 1313 1960; x_wconf 83' lang='lat' dir='ltr'><strong>Ter.</strong></span> 
     </span>
     <span class='ocr_line' id='line_1_14' title="bbox 295 2009 1318 2102; baseline -0.004 -25"><span class='ocrx_word' id='word_1_104' title='bbox 295 2015 447 2079; x_wconf 80' lang='lat' dir='ltr'><strong>nPIwrm.</strong></span> <span class='ocrx_word' id='word_1_105' title='bbox 465 2017 616 2078; x_wconf 82' lang='lat' dir='ltr'><strong>Animum</strong></span> <span class='ocrx_word' id='word_1_106' title='bbox 633 2014 816 2079; x_wconf 85' lang='lat' dir='ltr'><strong>attenditc.&#39;&#39;</strong></span> <span class='ocrx_word' id='word_1_107' title='bbox 835 2013 922 2096; x_wconf 87' lang='lat' dir='ltr'><strong>Quae</strong></span> <span class='ocrx_word' id='word_1_108' title='bbox 939 2009 1090 2102; x_wconf 81' lang='lat' dir='ltr'><strong>leguntur</strong></span> <span class='ocrx_word' id='word_1_109' title='bbox 1108 2033 1180 2074; x_wconf 87' lang='lat' dir='ltr'><strong>sane</strong></span> <span class='ocrx_word' id='word_1_110' title='bbox 1197 2010 1231 2074; x_wconf 93' lang='lat' dir='ltr'><strong>in</strong></span> <span class='ocrx_word' id='word_1_111' title='bbox 1242 2031 1318 2096; x_wconf 89' lang='lat' dir='ltr'><strong>pro—</strong></span> 
     </span>
     <span class='ocr_line' id='line_1_15' title="bbox 294 2119 1315 2214; baseline 0 -28"><span class='ocrx_word' id='word_1_112' title='bbox 294 2119 369 2214; x_wconf 85' lang='lat' dir='ltr'>logo</span> <span class='ocrx_word' id='word_1_113' title='bbox 395 2123 604 2188; x_wconf 90' lang='lat' dir='ltr'><strong>Phormionis.</strong></span> <span class='ocrx_word' id='word_1_114' title='bbox 628 2124 739 2214; x_wconf 85' lang='lat' dir='ltr'><strong>Itaque</strong></span> <span class='ocrx_word' id='word_1_115' title='bbox 763 2123 887 2213; x_wconf 87' lang='lat' dir='ltr'><strong>Majum</strong></span> <span class='ocrx_word' id='word_1_116' title='bbox 914 2139 1037 2188; x_wconf 90' lang='lat' dir='ltr'><strong>secutus</strong></span> <span class='ocrx_word' id='word_1_117' title='bbox 1062 2121 1315 2202; x_wconf 86' lang='lat' dir='ltr'><strong>Lindemannus,</strong></span> 
     </span>
     <span class='ocr_line' id='line_1_16' title="bbox 291 2228 1319 2324; baseline -0.002 -22"><span class='ocrx_word' id='word_1_118' title='bbox 291 2235 328 2302; x_wconf 87' lang='lat' dir='ltr'><strong>in</strong></span> <span class='ocrx_word' id='word_1_119' title='bbox 344 2233 441 2324; x_wconf 84' lang='lat' dir='ltr'><strong>Corp.</strong></span> <span class='ocrx_word' id='word_1_120' title='bbox 462 2235 667 2302; x_wconf 83' lang='lat' dir='ltr'><strong>Grammatic.</strong></span> <span class='ocrx_word' id='word_1_121' title='bbox 678 2284 689 2315; x_wconf 93' lang='lat'><strong>,</strong></span> <span class='ocrx_word' id='word_1_122' title='bbox 705 2258 772 2301; x_wconf 89' lang='lat' dir='ltr'><strong>non</strong></span> <span class='ocrx_word' id='word_1_123' title='bbox 791 2228 881 2300; x_wconf 70' lang='lat' dir='ltr'><strong>aliter</strong></span> <span class='ocrx_word' id='word_1_124' title='bbox 899 2234 1017 2315; x_wconf 83' lang='lat' dir='ltr'><strong>edidit,</strong></span> <span class='ocrx_word' id='word_1_125' title='bbox 1037 2234 1181 2324; x_wconf 78' lang='lat' dir='ltr'><strong>quamvis</strong></span> <span class='ocrx_word' id='word_1_126' title='bbox 1200 2235 1263 2321; x_wconf 88' lang='lat' dir='ltr'><strong>ipse</strong></span> <span class='ocrx_word' id='word_1_127' title='bbox 1284 2235 1319 2300; x_wconf 90' lang='lat' dir='ltr'><strong>in</strong></span> 
     </span>
     <span class='ocr_line' id='line_1_17' title="bbox 293 2345 1319 2438; baseline -0.003 -25"><span class='ocrx_word' id='word_1_128' title='bbox 293 2345 426 2428; x_wconf 88' lang='lat' dir='ltr'><strong>Codice,</strong></span> <span class='ocrx_word' id='word_1_129' title='bbox 452 2371 518 2438; x_wconf 91' lang='lat' dir='ltr'><strong>quo</strong></span> <span class='ocrx_word' id='word_1_130' title='bbox 536 2371 610 2414; x_wconf 79' lang='lat' dir='ltr'><strong>treus</strong></span> <span class='ocrx_word' id='word_1_131' title='bbox 633 2363 696 2426; x_wconf 89' lang='lat' dir='ltr'><strong>est,</strong></span> <span class='ocrx_word' id='word_1_132' title='bbox 718 2348 896 2435; x_wconf 68' lang='lat' dir='ltr'><strong>reperimet:</strong></span> <span class='ocrx_word' id='word_1_133' title='bbox 923 2348 997 2412; x_wconf 83' lang='lat' dir='ltr'><strong>Ter.</strong></span> <span class='ocrx_word' id='word_1_134' title='bbox 1016 2347 1123 2412; x_wconf 82' lang='lat' dir='ltr'><strong>Andr.</strong></span> <span class='ocrx_word' id='word_1_135' title='bbox 1146 2345 1236 2414; x_wconf 89' lang='lat' dir='ltr'><strong>Idem</strong></span> <span class='ocrx_word' id='word_1_136' title='bbox 1253 2348 1319 2436; x_wconf 76' lang='lat' dir='ltr'><strong>ipse</strong></span> 
     </span>
     <span class='ocr_line' id='line_1_18' title="bbox 292 2457 1319 2550; baseline 0.003 -29"><span class='ocrx_word' id='word_1_137' title='bbox 292 2460 401 2526; x_wconf 87' lang='lat' dir='ltr'><strong>inveni</strong></span> <span class='ocrx_word' id='word_1_138' title='bbox 419 2460 454 2526; x_wconf 91' lang='lat' dir='ltr'><strong>in</strong></span> <span class='ocrx_word' id='word_1_139' title='bbox 469 2457 595 2526; x_wconf 87' lang='lat' dir='ltr'><strong>duobus</strong></span> <span class='ocrx_word' id='word_1_140' title='bbox 611 2459 815 2550; x_wconf 83' lang='lat' dir='ltr'><strong>apographis,</strong></span> <span class='ocrx_word' id='word_1_141' title='bbox 834 2485 872 2526; x_wconf 84' lang='lat' dir='ltr'><strong>ex</strong></span> <span class='ocrx_word' id='word_1_142' title='bbox 886 2459 1003 2550; x_wconf 86' lang='lat' dir='ltr'><strong>quihus</strong></span> <span class='ocrx_word' id='word_1_143' title='bbox 1018 2457 1212 2525; x_wconf 68' lang='lat' dir='ltr'><strong>Ariminnum</strong></span> <span class='ocrx_word' id='word_1_144' title='bbox 1227 2460 1319 2524; x_wconf 86' lang='lat' dir='ltr'><strong>edere</strong></span> 
     </span>
    </p>

    <p class='ocr_par' dir='ltr' id='par_1_6' title="bbox 238 2567 1371 3220">
     <span class='ocr_line' id='line_1_19' title="bbox 238 2567 1321 2664; baseline 0.003 -29"><span class='ocrx_word' id='word_1_145' title='bbox 238 2593 241 2598; x_wconf 91' lang='lat'>·</span> <span class='ocrx_word' id='word_1_146' title='bbox 295 2567 438 2636; x_wconf 83' lang='lat' dir='ltr'><strong>voluerat</strong></span> <span class='ocrx_word' id='word_1_147' title='bbox 451 2571 489 2636; x_wconf 87' lang='lat' dir='ltr'><strong>P.</strong></span> <span class='ocrx_word' id='word_1_148' title='bbox 501 2571 699 2652; x_wconf 77' lang='lat' dir='ltr'><strong>Bondamus,</strong></span> <span class='ocrx_word' id='word_1_149' title='bbox 715 2596 860 2662; x_wconf 87' lang='lat' dir='ltr'><strong>quaeque</strong></span> <span class='ocrx_word' id='word_1_150' title='bbox 874 2574 1011 2639; x_wconf 88' lang='lat' dir='ltr'><strong>nuncin</strong></span> <span class='ocrx_word' id='word_1_151' title='bbox 1028 2570 1221 2638; x_wconf 85' lang='lat' dir='ltr'><strong>Bibliotheca</strong></span> <span class='ocrx_word' id='word_1_152' title='bbox 1231 2573 1321 2664; x_wconf 84' lang='lat' dir='ltr'><strong>Lug-</strong></span> 
     </span>
     <span class='ocr_line' id='line_1_20' title="bbox 294 2681 1320 2773; baseline -0.001 -23"><span class='ocrx_word' id='word_1_153' title='bbox 294 2681 515 2750; x_wconf 82' lang='lat' dir='ltr'><strong>duno-Batave</strong></span> <span class='ocrx_word' id='word_1_154' title='bbox 532 2701 699 2763; x_wconf 74' lang='lat' dir='ltr'><strong>asservata,</strong></span> <span class='ocrx_word' id='word_1_155' title='bbox 718 2684 818 2764; x_wconf 89' lang='lat' dir='ltr'><strong>mihi,</strong></span> <span class='ocrx_word' id='word_1_156' title='bbox 838 2701 876 2750; x_wconf 86' lang='lat' dir='ltr'><strong>ut</strong></span> <span class='ocrx_word' id='word_1_157' title='bbox 893 2682 1070 2750; x_wconf 66' lang='lat' dir='ltr'><strong>cum&#39;editis</strong></span> <span class='ocrx_word' id='word_1_158' title='bbox 1087 2707 1320 2773; x_wconf 73' lang='lat' dir='ltr'><strong>compararem,</strong></span> 
     </span>
     <span class='ocr_line' id='line_1_21' title="bbox 291 2793 1322 2882; baseline 0 -20"><span class='ocrx_word' id='word_1_159' title='bbox 291 2794 504 2882; x_wconf 65' lang='lat' dir='ltr'><strong>suppeditavit</strong></span> <span class='ocrx_word' id='word_1_160' title='bbox 526 2793 569 2862; x_wconf 83' lang='lat' dir='ltr'><strong>V.</strong></span> <span class='ocrx_word' id='word_1_161' title='bbox 594 2793 752 2862; x_wconf 83' lang='lat' dir='ltr'><strong>Celeberr.</strong></span> <span class='ocrx_word' id='word_1_162' title='bbox 777 2796 808 2862; x_wconf 89' lang='lat' dir='ltr'><strong>J.</strong></span> <span class='ocrx_word' id='word_1_163' title='bbox 832 2794 929 2864; x_wconf 86' lang='lat' dir='ltr'><strong>Geel:</strong></span> <span class='ocrx_word' id='word_1_164' title='bbox 951 2796 1037 2862; x_wconf 89' lang='lat' dir='ltr'><strong>unde</strong></span> <span class='ocrx_word' id='word_1_165' title='bbox 1057 2793 1206 2863; x_wconf 84' lang='lat' dir='ltr'><strong>libellum</strong></span> <span class='ocrx_word' id='word_1_166' title='bbox 1224 2799 1322 2862; x_wconf 87' lang='lat' dir='ltr'><strong>istum</strong></span> 
     </span>
     <span class='ocr_line' id='line_1_22' title="bbox 293 2905 1371 2998; baseline 0.004 -24"><span class='ocrx_word' id='word_1_167' title='bbox 293 2931 360 2976; x_wconf 85' lang='lat' dir='ltr'><strong>non</strong></span> <span class='ocrx_word' id='word_1_168' title='bbox 377 2910 483 2996; x_wconf 81' lang='lat' dir='ltr'><strong>paucis</strong></span> <span class='ocrx_word' id='word_1_169' title='bbox 497 2910 532 2976; x_wconf 91' lang='lat' dir='ltr'><strong>in</strong></span> <span class='ocrx_word' id='word_1_170' title='bbox 551 2905 627 2976; x_wconf 87' lang='lat' dir='ltr'><strong>locis</strong></span> <span class='ocrx_word' id='word_1_171' title='bbox 647 2909 811 2976; x_wconf 85' lang='lat' dir='ltr'><strong>emendavi</strong></span> <span class='ocrx_word' id='word_1_172' title='bbox 831 2910 855 2976; x_wconf 86' lang='lat'><strong>¹.</strong></span> <span class='ocrx_word' id='word_1_173' title='bbox 878 2909 1019 2978; x_wconf 84' lang='lat' dir='ltr'><strong>Fortasse</strong></span> <span class='ocrx_word' id='word_1_174' title='bbox 1036 2911 1079 2976; x_wconf 93' lang='lat' dir='ltr'><strong>sic</strong></span> <span class='ocrx_word' id='word_1_175' title='bbox 1096 2910 1216 2998; x_wconf 79' lang='lat' dir='ltr'><strong>scripsit</strong></span> <span class='ocrx_word' id='word_1_176' title='bbox 1231 2910 1322 2978; x_wconf 79' lang='lat' dir='ltr'><strong>Aru-</strong></span> <span class='ocrx_word' id='word_1_177' title='bbox 1370 2977 1371 2984; x_wconf 68' lang='grc'>,</span> 
     </span>
     <span class='ocr_line' id='line_1_23' title="bbox 289 3019 1323 3114; baseline 0.003 -26"><span class='ocrx_word' id='word_1_178' title='bbox 289 3021 415 3103; x_wconf 79' lang='lat' dir='ltr'><strong>sienne,</strong></span> <span class='ocrx_word' id='word_1_179' title='bbox 436 3037 469 3090; x_wconf 88' lang='lat' dir='ltr'><strong>et</strong></span> <span class='ocrx_word' id='word_1_180' title='bbox 489 3020 551 3090; x_wconf 87' lang='lat' dir='ltr'><strong>hoc</strong></span> <span class='ocrx_word' id='word_1_181' title='bbox 570 3019 710 3090; x_wconf 84' lang='lat' dir='ltr'><strong>Andiiae</strong></span> <span class='ocrx_word' id='word_1_182' title='bbox 731 3020 801 3114; x_wconf 89' lang='lat' dir='ltr'><strong>loco</strong></span> <span class='ocrx_word' id='word_1_183' title='bbox 822 3046 892 3088; x_wconf 80' lang='lat' dir='ltr'><strong>eam</strong></span> <span class='ocrx_word' id='word_1_184' title='bbox 910 3021 1077 3090; x_wconf 85' lang='lat' dir='ltr'><strong>lectionem</strong></span> <span class='ocrx_word' id='word_1_185' title='bbox 1100 3024 1135 3090; x_wconf 85' lang='lat' dir='ltr'><strong>in</strong></span> <span class='ocrx_word' id='word_1_186' title='bbox 1153 3047 1211 3092; x_wconf 87' lang='lat' dir='ltr'><strong>suc</strong></span> <span class='ocrx_word' id='word_1_187' title='bbox 1233 3022 1323 3090; x_wconf 88' lang='lat' dir='ltr'><strong>libro</strong></span> 
     </span>
     <span class='ocr_line' id='line_1_24' title="bbox 293 3125 1320 3220; baseline 0.003 -20"><span class='ocrx_word' id='word_1_188' title='bbox 293 3133 432 3211; x_wconf 83' lang='lat' dir='ltr'><strong>invenit,</strong></span> <span class='ocrx_word' id='word_1_189' title='bbox 444 3156 542 3220; x_wconf 88' lang='lat' dir='ltr'><strong>quam</strong></span> <span class='ocrx_word' id='word_1_190' title='bbox 551 3135 586 3200; x_wconf 84' lang='lat' dir='ltr'><strong>iu</strong></span> <span class='ocrx_word' id='word_1_191' title='bbox 599 3131 666 3200; x_wconf 83' lang='lat' dir='ltr'><strong>aliis</strong></span> <span class='ocrx_word' id='word_1_192' title='bbox 678 3131 910 3220; x_wconf 85' lang='lat' dir='ltr'><strong>exemplaribus</strong></span> <span class='ocrx_word' id='word_1_193' title='bbox 920 3125 1011 3202; x_wconf 81' lang='lat' dir='ltr'><strong>luisse</strong></span> <span class='ocrx_word' id='word_1_194' title='bbox 1022 3151 1151 3202; x_wconf 79' lang='lat' dir='ltr'><strong>testatur</strong></span> <span class='ocrx_word' id='word_1_195' title='bbox 1161 3135 1320 3203; x_wconf 79' lang='lat' dir='ltr'><strong>Donatus.</strong></span> 
     </span>
    </p>

    <p class='ocr_par' dir='ltr' id='par_1_7' title="bbox 293 3243 1326 3673">
     <span class='ocr_line' id='line_1_25' title="bbox 337 3243 1322 3332; baseline 0.002 -20"><span class='ocrx_word' id='word_1_196' title='bbox 337 3243 391 3312; x_wconf 80' lang='lat' dir='ltr'><strong>Ad</strong></span> <span class='ocrx_word' id='word_1_197' title='bbox 409 3267 441 3310; x_wconf 78' lang='lat' dir='ltr'><strong>v.</strong></span> <span class='ocrx_word' id='word_1_198' title='bbox 466 3244 500 3323; x_wconf 83' lang='grc'><strong>9,</strong></span> <span class='ocrx_word' id='word_1_199' title='bbox 513 3243 566 3312; x_wconf 80' lang='lat' dir='ltr'><strong>tt.</strong></span> <span class='ocrx_word' id='word_1_200' title='bbox 591 3243 769 3310; x_wconf 79' lang='lat' dir='ltr'><strong>Menander</strong></span> <span class='ocrx_word' id='word_1_201' title='bbox 777 3243 863 3332; x_wconf 84' lang='lat' dir='ltr'><strong>fecit</strong></span> <span class='ocrx_word' id='word_1_202' title='bbox 879 3245 1036 3312; x_wconf 82' lang='lat' dir='ltr'><strong>Andriam</strong></span> <span class='ocrx_word' id='word_1_203' title='bbox 1055 3259 1087 3312; x_wconf 88' lang='lat' dir='ltr'><strong>et</strong></span> <span class='ocrx_word' id='word_1_204' title='bbox 1100 3247 1322 3314; x_wconf 74' lang='lat' dir='ltr'><strong>Perinthiam:</strong></span> 
     </span>
     <span class='ocr_line' id='line_1_26' title="bbox 297 3355 1324 3448; baseline 0.002 -24"><span class='ocrx_word' id='word_1_205' title='bbox 297 3357 361 3443; x_wconf 77' lang='lat' dir='ltr'><strong>Qui</strong></span> <span class='ocrx_word' id='word_1_206' title='bbox 369 3363 517 3424; x_wconf 77' lang='lat' dir='ltr'><strong>utramvis</strong></span> <span class='ocrx_word' id='word_1_207' title='bbox 528 3368 610 3422; x_wconf 82' lang='lat' dir='ltr'><strong>recte</strong></span> <span class='ocrx_word' id='word_1_208' title='bbox 619 3364 715 3435; x_wconf 85' lang='lat' dir='ltr'><strong>norit,</strong></span> <span class='ocrx_word' id='word_1_209' title='bbox 728 3355 837 3424; x_wconf 79' lang='lat' dir='ltr'><strong>ambas</strong></span> <span class='ocrx_word' id='word_1_210' title='bbox 846 3356 995 3448; x_wconf 78' lang='lat' dir='ltr'><strong>noverit]</strong></span> <span class='ocrx_word' id='word_1_211' title='bbox 1010 3359 1154 3426; x_wconf 81' lang='lat' dir='ltr'><strong>Imitatus</strong></span> <span class='ocrx_word' id='word_1_212' title='bbox 1169 3375 1214 3426; x_wconf 83' lang='lat' dir='ltr'><strong>eet</strong></span> <span class='ocrx_word' id='word_1_213' title='bbox 1227 3359 1324 3426; x_wconf 85' lang='lat' dir='ltr'><strong>hunc</strong></span> 
     </span>
     <span class='ocr_line' id='line_1_27' title="bbox 293 3461 1325 3554; baseline 0.004 -20"><span class='ocrx_word' id='word_1_214' title='bbox 293 3465 401 3537; x_wconf 83' lang='lat' dir='ltr'><strong>locum</strong></span> <span class='ocrx_word' id='word_1_215' title='bbox 424 3465 623 3546; x_wconf 80' lang='lat' dir='ltr'><strong>Macrobius,</strong></span> <span class='ocrx_word' id='word_1_216' title='bbox 645 3465 686 3534; x_wconf 79' lang='lat' dir='ltr'><strong>de</strong></span> <span class='ocrx_word' id='word_1_217' title='bbox 706 3461 899 3554; x_wconf 69' lang='lat' dir='ltr'><strong>Differentin&#39;</strong></span> <span class='ocrx_word' id='word_1_218' title='bbox 921 3483 952 3536; x_wconf 89' lang='lat' dir='ltr'><strong>et</strong></span> <span class='ocrx_word' id='word_1_219' title='bbox 975 3471 1181 3538; x_wconf 75' lang='lat' dir='ltr'><strong>Societotibns</strong></span> <span class='ocrx_word' id='word_1_220' title='bbox 1203 3471 1325 3538; x_wconf 79' lang='lat' dir='ltr'><strong>Graeci</strong></span> 
     </span>
     <span class='ocr_line' id='line_1_28' title="bbox 293 3577 1326 3673; baseline 0.001 -25"><span class='ocrx_word' id='word_1_221' title='bbox 293 3581 460 3670; x_wconf 81' lang='lat' dir='ltr'><strong>Latinique</strong></span> <span class='ocrx_word' id='word_1_222' title='bbox 474 3579 586 3662; x_wconf 74' lang='lat' dir='ltr'><strong>verbi,</strong></span> <span class='ocrx_word' id='word_1_223' title='bbox 606 3579 640 3649; x_wconf 87' lang='lat' dir='ltr'><strong>in</strong></span> <span class='ocrx_word' id='word_1_224' title='bbox 654 3577 772 3658; x_wconf 73' lang='lat' dir='ltr'><strong>Praei„</strong></span> <span class='ocrx_word' id='word_1_225' title='bbox 790 3577 848 3647; x_wconf 88' lang='lat' dir='ltr'><strong>ubi</strong></span> <span class='ocrx_word' id='word_1_226' title='bbox 864 3579 904 3648; x_wconf 91' lang='lat' dir='ltr'><strong>de</strong></span> <span class='ocrx_word' id='word_1_227' title='bbox 920 3579 1040 3648; x_wconf 81' lang='lat' dir='ltr'><strong>Graeca</strong></span> <span class='ocrx_word' id='word_1_228' title='bbox 1057 3582 1232 3673; x_wconf 78' lang='lat' dir='ltr'><strong>Latineque</strong></span> <span class='ocrx_word' id='word_1_229' title='bbox 1252 3581 1326 3650; x_wconf 88' lang='lat' dir='ltr'><strong>lin-</strong></span> 
     </span>
    </p>

    <p class='ocr_par' dir='ltr' id='par_1_8' title="bbox 271 3692 1327 3874">
     <span class='ocr_line' id='line_1_29' title="bbox 271 3692 1327 3783; baseline 0.002 -23"><span class='ocrx_word' id='word_1_230' title='bbox 271 3730 273 3733; x_wconf 94' lang='lat'>·</span> <span class='ocrx_word' id='word_1_231' title='bbox 292 3717 355 3783; x_wconf 81' lang='lat' dir='ltr'><strong>gua</strong></span> <span class='ocrx_word' id='word_1_232' title='bbox 382 3695 425 3760; x_wconf 90' lang='lat' dir='ltr'><strong>ita</strong></span> <span class='ocrx_word' id='word_1_233' title='bbox 454 3693 540 3760; x_wconf 86' lang='lat' dir='ltr'><strong>dicit:</strong></span> <span class='ocrx_word' id='word_1_234' title='bbox 562 3692 646 3776; x_wconf 79' lang='lat' dir='ltr'><strong>»Qui</strong></span> <span class='ocrx_word' id='word_1_235' title='bbox 664 3693 814 3760; x_wconf 85' lang='lat' dir='ltr'><strong>utramvis</strong></span> <span class='ocrx_word' id='word_1_236' title='bbox 834 3709 933 3760; x_wconf 82' lang='lat' dir='ltr'><strong>artem</strong></span> <span class='ocrx_word' id='word_1_237' title='bbox 951 3693 1111 3774; x_wconf 85' lang='lat' dir='ltr'><strong>didicerit,</strong></span> <span class='ocrx_word' id='word_1_238' title='bbox 1131 3693 1240 3762; x_wconf 79' lang='lat' dir='ltr'><strong>ambas</strong></span> <span class='ocrx_word' id='word_1_239' title='bbox 1257 3720 1327 3762; x_wconf 87' lang='lat' dir='ltr'><strong>no-</strong></span> 
     </span>
     <span class='ocr_line' id='line_1_30' title="bbox 293 3802 1082 3874; baseline 0.004 -6"><span class='ocrx_word' id='word_1_240' title='bbox 293 3805 426 3874; x_wconf 81' lang='lat' dir='ltr'><strong>nverlt.&#39;&#39;</strong></span> <span class='ocrx_word' id='word_1_241' title='bbox 1074 3802 1082 3840; x_wconf 73' lang='lat'>¹</span> 
     </span>
    </p>

    <p class='ocr_par' dir='ltr' id='par_1_9' title="bbox 290 3916 1329 4120">
     <span class='ocr_line' id='line_1_31' title="bbox 335 3916 1326 4005; baseline 0.004 -21"><span class='ocrx_word' id='word_1_242' title='bbox 335 3916 431 3986; x_wconf 73' lang='grc' dir='ltr'>Λᾶν.</span> <span class='ocrx_word' id='word_1_243' title='bbox 449 3917 590 3985; x_wconf 70' lang='grc'><strong>19-91,</strong></span> <span class='ocrx_word' id='word_1_244' title='bbox 612 3917 700 4004; x_wconf 81' lang='lat' dir='ltr'><strong>Quos</strong></span> <span class='ocrx_word' id='word_1_245' title='bbox 708 3917 758 3984; x_wconf 79' lang='lat' dir='ltr'><strong>tte</strong></span> <span class='ocrx_word' id='word_1_246' title='bbox 773 3919 1150 3986; x_wconf 79' lang='lat' dir='ltr'><strong>nosterouctoresizebet:</strong></span> <span class='ocrx_word' id='word_1_247' title='bbox 1172 3919 1326 4005; x_wconf 80' lang='lat' dir='ltr'><strong>Quorum</strong></span> 
     </span>
     <span class='ocr_line' id='line_1_32' title="bbox 290 4029 1329 4120; baseline 0.003 -26"><span class='ocrx_word' id='word_1_248' title='bbox 290 4029 443 4096; x_wconf 71' lang='lat' dir='ltr'><strong>eemnlm</strong></span> <span class='ocrx_word' id='word_1_249' title='bbox 462 4041 591 4116; x_wconf 72' lang='lat' dir='ltr'><strong>exoptat</strong></span> <span class='ocrx_word' id='word_1_250' title='bbox 609 4029 829 4119; x_wconf 71' lang='lat' dir='ltr'><strong>negligentiora</strong></span> <span class='ocrx_word' id='word_1_251' title='bbox 850 4030 977 4108; x_wconf 82' lang='lat' dir='ltr'><strong>Potius,</strong></span> <span class='ocrx_word' id='word_1_252' title='bbox 998 4053 1091 4120; x_wconf 80' lang='lat' dir='ltr'><strong>qnam</strong></span> <span class='ocrx_word' id='word_1_253' title='bbox 1109 4040 1241 4096; x_wconf 81' lang='lat' dir='ltr'><strong>istorum</strong></span> <span class='ocrx_word' id='word_1_254' title='bbox 1264 4033 1329 4096; x_wconf 81' lang='lat' dir='ltr'><strong>ob-</strong></span> 
     </span>
    </p>
   </div>
   <div class='ocr_carea' id='block_1_5' title="bbox 324 4292 932 4362">
    <p class='ocr_par' dir='ltr' id='par_1_10' title="bbox 324 4292 932 4362">
     <span class='ocr_line' id='line_1_33' title="bbox 324 4292 932 4362; baseline 0.007 -18"><span class='ocrx_word' id='word_1_255' title='bbox 324 4292 332 4326; x_wconf 87' lang='lat'><strong>¹</strong></span> <span class='ocrx_word' id='word_1_256' title='bbox 355 4297 538 4346; x_wconf 80' lang='lat' dir='ltr'><strong>Emendationes</strong></span> <span class='ocrx_word' id='word_1_257' title='bbox 558 4299 611 4346; x_wconf 85' lang='lat' dir='ltr'><strong>illas</strong></span> <span class='ocrx_word' id='word_1_258' title='bbox 634 4300 723 4360; x_wconf 83' lang='lat' dir='ltr'><strong>protuli</strong></span> <span class='ocrx_word' id='word_1_259' title='bbox 744 4301 767 4348; x_wconf 87' lang='lat' dir='ltr'><strong>in</strong></span> <span class='ocrx_word' id='word_1_260' title='bbox 785 4299 932 4362; x_wconf 77' lang='lat' dir='ltr'><strong>Appendice.</strong></span> 
     </span>
    </p>
   </div>
   <div class='ocr_carea' id='block_1_6' title="bbox 0 0 1412 5116">
    <p class='ocr_par' dir='ltr' id='par_1_11' title="bbox 0 0 1412 5116">
     <span class='ocr_line' id='line_1_34' title="bbox 0 0 1412 5116; baseline 0 0"><span class='ocrx_word' id='word_1_261' title='bbox 0 0 1412 5116; x_wconf 95' lang='lat' dir='ltr'><strong> </strong></span> 
     </span>
    </p>
   </div>
  </div>
 </body>
</html>
