2790 5116
737 445 912 510 ..30-

316 627 435 700 queso
450 625 530 680 nodo
545 643 571 678 se
590 625 680 692 saber,
700 631 811 680 amtor
820 630 900 680 uma
912 631 982 694 psas
998 631 1085 680 essa
1106 629 1133 678 ν.
1149 627 1178 678 c.
1196 627 1243 680 ca.
1259 627 1323 680 uss-

314 731 344 780 ts's
361 729 513 778 &aarum
536 728 636 778 bornu-
666 726 706 778 ΟΒ
725 723 796 776 euim
814 741 829 776 s
847 723 946 776 solenni
966 730 1028 774 nota
1046 725 1088 774 ott
1105 722 1153 782 ris¹
1168 719 1263 776 differt.
1294 719 1324 773 Et

315 837 375 874 saue
392 823 543 872 Graasaats‘cs'
565 820 674 872 titulum
695 820 763 872 inter
785 827 881 874 ostem
899 818 1036 888 dignitates
1053 835 1106 872 non
1123 817 1178 870 siue
1196 816 1324 870 ambitione
1375 837 1376 863 1

314 914 363 968 sibi
380 913 514 985 praecipue
531 913 678 966 attribuisse
688 913 763 977 illos,
785 913 880 984 quibus
896 911 1086 966 Grammatieao
1103 909 1262 981 profitendae
1276 930 1323 964 ruu-
1375 933 1376 938 ¹

314 1025 363 1062 nus
384 1008 486 1079 publiea
509 1009 661 1061 auctoritate
686 1007 770 1062 iuerat
794 1006 998 1070 demandatum,
1021 1005 1105 1077 qualis
1128 1006 1209 1060 etiam
1231 1004 1324 1058 Messius

314 1112 401 1156 noster
418 1101 483 1168 tuit,
500 1113 533 1154 ut
549 1120 581 1156 eo
593 1103 673 1156 titulo
690 1121 716 1155 se
729 1101 927 1156 disramerenta
942 1102 1032 1154 ceteris
1048 1101 1187 1170 magistris,
1207 1110 1234 1152 et
1249 1101 1323 1154 litera·

314 1195 425 1260 toribus,
448 1197 495 1268 qui
516 1214 623 1250 numero
645 1195 818 1250 Professorum
841 1213 894 1250 non
916 1205 1003 1259 eraut,
1027 1213 1075 1250 neo
1092 1213 1125 1248 ex
1142 1193 1282 1258 Catbedrs‚
1298 1204 1324 1246 ut

313 1291 495 1357 Grammatiei,
511 1291 558 1346 sed
569 1294 639 1346 sellis
650 1292 791 1346 insidentes
805 1291 946 1356 dooebant,
961 1293 1125 1346 notissimum
1135 1302 1184 1346 est.
1202 1293 1267 1346 Hinc
1280 1290 1323 1344 bu-

314 1386 401 1440 sonius
411 1385 518 1440 moos.
537 1385 615 1440 carm
626 1387 679 1440 vll
685 1425 693 1452 ,
714 1391 745 1452 9,
760 1385 794 1440 de
813 1387 922 1440 heroo
939 1385 1124 1445 Grammatico:

595 1528 683 1580 biteris
699 1537 794 1580 tantum
811 1529 907 1580 titulum
925 1537 1062 1590 assecmua,

596 1623 705 1682 Quantus
718 1625 775 1674 exili
786 1626 844 1673 satia
860 1631 896 1673 est
909 1625 1055 1681 cathedrae,

596 1718 679 1770 Posset
692 1720 796 1768 insertus
813 1731 914 1767 numero
930 1717 1048 1766 assideri

703 1813 928 1862 Grammaticorum.

351 1953 427 2008 idem
442 1952 476 2007 de
488 1950 624 2016 iucundo,
643 1951 819 2006 Grammatico
835 1951 1025 2023 burdigalensi,
1046 1952 1132 2008 Carm.
1150 1954 1198 2018 lx,
1214 1957 1236 2005 l:

458 2099 488 2146 Et
503 2104 544 2154 te,
559 2111 632 2158 quem
647 2097 785 2146 cathedram
803 2107 895 2149 temere
911 2114 1042 2162 usurpasse
1059 2102 1202 2164 loquuntur,

492 2191 586 2240 Nomen
603 2191 757 2240 Grammatiei
772 2207 818 2242 uec
834 2195 952 2244 meruisse
969 2203 1069 2257 putant,

457 2289 523 2337 Voce
543 2287 613 2336 oiebo
629 2296 711 2336 tamen
730 2313 767 2324 -

379 2359 383 2368 ’
456 2381 541 2441 Quod,
562 2383 671 2444 quamvis
691 2383 783 2445 impar,
806 2391 963 2432 numeratam
984 2384 1064 2432 nobile
1083 2383 1184 2442 amasi,

491 2476 523 2524 Es
540 2477 641 2526 meritos
660 2475 723 2526 iuter
741 2477 950 2526 commemorande
971 2477 1045 2526 viros.

311 2631 427 2688 quoram
447 2612 586 2667 verberum
608 2631 694 2666 sensus
716 2611 767 2666 bue
788 2611 874 2678 redit,
902 2612 988 2686 quod,
1016 2617 1134 2686 quamvis
1156 2617 1239 2688 impar
1259 2616 1325 2670 fuerit

313 2710 410 2778 ingenii
427 2709 527 2762 viribus
544 2707 695 2773 iucundus,
709 2718 788 2780 atque
805 2707 867 2762 bine
884 2708 1035 2762 cathedram
1052 2727 1082 2762 ao
1100 2728 1196 2764 munus
1211 2711 1325 2764 Professo
1351 2725 1354 2731 '
1379 2777 1380 2792 χ

315 2804 350 2858 ris
367 2802 478 2875 publici,
499 2821 647 2875 nomenque
667 2803 850 2869 Grammatici,
873 2813 971 2856 mmere
994 2821 1055 2856 eam
1076 2805 1213 2859 subivisse
1233 2817 1325 2876 putare
1379 2793 1380 2802 ¹

313 2899 368 2952 siut
389 2897 520 2962 homiues,
544 2907 633 2952 tamea
655 2898 733 2950 ilium
755 2897 804 2950 sibi
820 2897 1078 2952 commemorandum
1094 2899 1281 2952 existimaverit
1294 2901 1325 2952 iu·

313 3002 354 3046 ter
375 3001 471 3046 eeteros
488 2993 569 3056 voss,
595 2991 642 3064 qui
663 2990 816 3061 Burdigalae
838 2991 910 3044 idem
932 3009 1028 3044 munus
1045 2992 1148 3062 publice
1166 2993 1268 3064 professi
1282 3010 1326 3046 rou

313 3097 415 3142 tantum
438 3086 553 3152 maaet,
575 3086 622 3140 sed
643 3087 723 3139 etiam
740 3086 775 3139 ob
796 3085 970 3139 eruditionem
992 3105 1065 3140 suam
1086 3105 1182 3140 nomen
1200 3088 1268 3142 illud
1283 3104 1326 3140 sae

313 3181 449 3244 rebantur,
474 3179 535 3234 idae
556 3179 630 3252 quod
651 3181 680 3232 in
701 3199 841 3233 numerum
862 3180 1035 3234 Professorum
1057 3183 1161 3253 publica
1188 3184 1327 3236 auctoritate

314 3273 401 3328 iuerat
417 3283 566 3344 cooptatus,
579 3292 609 3326 ae
621 3273 731 3344 proinde
742 3291 839 3326 nomeu
855 3275 1025 3328 Grammatici
1042 3277 1092 3330 sibi
1109 3288 1274 3348 arrogaverat.
1285 3276 1327 3330 tt-

312 3383 368 3439 que
385 3366 446 3420 hino
461 3377 515 3432 est,
535 3353 737 3440 quod'Magistri
755 3386 770 3420 a
785 3368 969 3422 Grammaticis
986 3367 1177 3440 distinguantur
1193 3373 1223 3426 irs
1239 3373 1269 3426 1..
1283 3371 1324 3426 ult·

312 3461 328 3534 5
347 3463 398 3516 uit.
418 3461 450 3515 ff,
466 3468 496 3514 de
513 3479 602 3515 mames.
623 3474 646 3516 st
668 3466 807 3524 bosoribsm
826 3463 902 3516 sicuti
919 3465 1000 3516 etiam
1016 3463 1076 3516 ludi
1093 3465 1202 3520 iiterarii
1226 3461 1327 3534 mgistri

313 3575 328 3610 s
346 3557 494 3610 liberalium
515 3555 663 3610 studiorum
685 3556 884 3622 Professoribus,
909 3559 978 3610 iuter
999 3576 1064 3629 quos
1085 3557 1266 3625 Grammatioi‚
1285 3557 1327 3610 die

311 3653 466 3722 tinguuntur
482 3653 511 3704 iu
530 3650 560 3703 L.
583 3654 607 3704 1.
628 3651 642 3722 §
663 3653 688 3704 Ι.
707 3661 735 3704 et
752 3654 780 3704 6.
799 3650 828 3703 ff.
847 3656 876 3704 de
896 3663 957 3704 extr.
979 3657 1074 3716 mauriti.
1097 3653 1192 3724 quibus
1214 3655 1242 3708 in
1263 3651 1328 3718 lagi·

312 3746 428 3802 bussiue
439 3745 521 3800 dubio
538 3764 584 3818 per
598 3745 790 3800 Grammatioos
806 3747 875 3799 nulli
892 3747 938 3800 alii
954 3744 1119 3815 intelligendi
1129 3758 1207 3814 ssmt,
1221 3749 1270 3802 nisi
1281 3746 1325 3807 illi,

311 3843 374 3914 ¹qui,
393 3852 425 3895 ut
435 3843 465 3894 in
477 3841 501 3912 §.
518 3843 559 3895 lt.
573 3842 596 3895 1.
611 3846 640 3894 ds
651 3845 742 3894 Eseua.
763 3851 808 3894 tart.
826 3841 929 3909 legitur,
950 3841 1018 3894 intra
1034 3859 1173 3894 numerum
1187 3853 1264 3907 sumt,
1277 3857 1326 3899 seu,

311 3936 417 4006 pubiioo
434 3935 565 4007 stipendio
581 3935 701 4000 inritati,
724 3943 808 3990 artem
829 3934 1034 3988 Grammatioam
1056 3935 1084 3988 in
1101 3936 1213 4006 publicis
1229 3935 1327 3994 scboiir,

310 4029 366 4080 sire
383 4030 479 4082 Roma
496 4031 550 4082 sive
566 4029 658 4100 Cpoli,
683 4030 737 4082 sive
754 4030 813 4082 aliis
831 4030 860 4082 in
877 4029 1002 4094 urbibus,
1019 4029 1131 4095 doceat,
1155 4029 1251 4084 diversi
1271 4026 1327 4082 mu}

250 4181 255 4190 ⁴
310 4132 372 4176 tum
389 4123 422 4175 ab
443 4124 498 4176 illis
514 4123 655 4192 Magistris,
678 4124 726 4194 qui
747 4125 791 4176 vol
814 4121 923 4176 rudibus
941 4124 1027 4193 pueris
1043 4125 1128 4195 prima
1144 4125 1274 4180 elementa
1289 4121 1328 4176 ds·

313 4217 391 4281 baut,
409 4226 441 4270 ut
459 4217 576 4288 loquitur
593 4215 722 4270 Auwuiua
738 4219 768 4270 in
785 4215 891 4271 Profess.
911 4217 995 4272 Curua.
1014 4217 1049 4272 X.
1069 4221 1114 4272 34.
1135 4219 1202 4274 eous.
1222 4219 1320 4276 wosu
