2790 5116
696 371 871 436 „36-

273 555 548 649 Lugdunensibus.
577 556 720 622 Eandem
746 573 861 621 sortem
881 555 1047 622 subieumt
1066 555 1310 624 Grammatico·

273 695 348 737 rum
367 672 401 736 in
422 687 540 735 veteres
558 649 698 734 auctores
718 667 953 734 Commentarii.
980 668 1154 749 Servianos,
1180 687 1220 734 ut
1245 668 1311 732 boc

273 800 362 862 utar,
389 783 423 847 in
445 778 618 872 Virgilium
644 783 757 869 passim
781 783 816 846 in
836 782 996 849 codicibus
1020 784 1149 871 reperiri
1175 785 1210 848 in
1238 785 1309 871 epi-

273 911 380 960 tomen
399 894 551 972 redactos,
573 909 726 959 testantur
743 893 869 960 emditi:
891 912 922 962 et
940 895 1071 960 omnino
1089 897 1124 959 in
1140 893 1211 960 aliis
1224 895 1305 960 Mas.

273 1004 428 1095 pleniores
445 1008 478 1070 in
494 1004 562 1071 aliis
582 1007 688 1072 minus
707 1003 794 1095 pleni
811 1003 972 1098 leguntur.
994 1007 1105 1097 Neque
1126 1008 1206 1073 adeo
1228 1033 1309 1096 pro-

272 1117 418 1185 bandum
440 1118 520 1184 mibi
535 1120 682 1200 videtur,
705 1120 793 1210 quod
809 1122 868 1186 viri
883 1121 987 1200 docti,
1012 1121 1094 1185 inter
1115 1144 1196 1209 quos
1220 1122 1306 1186 Bur-

264 1221 420 1312 mannus,
432 1233 539 1298 omnia
555 1256 636 1322 quae
654 1234 689 1297 in
704 1231 895 1323 quibusdam
909 1232 1007 1299 Servii
1023 1233 1100 1298 Mss.
1119 1256 1187 1298 non
1206 1257 1306 1321 repe-

273 1345 394 1424 rissent,
406 1346 494 1434 quasi
509 1346 615 1410 minus
631 1347 780 1436 genuina,
797 1347 886 1411 uncis
895 1343 1091 1412 incluserint:
1110 1369 1186 1410 cum
1197 1345 1305 1411 multo

270 1458 310 1521 sit
324 1455 535 1546 probabilius,
547 1484 565 1523 a
579 1457 771 1549 quibusdam
782 1457 917 1525 librariis
930 1481 1078 1550 germana
1092 1457 1191 1525 Servii
1203 1457 1305 1524 verba

215 1615 217 1620 ·
272 1567 432 1636 brevitatis
442 1593 533 1636 causa
546 1573 656 1637 omissa
672 1569 775 1638 fitisse.
797 1571 892 1655 Quod
906 1587 1012 1636 tamen
1021 1594 1087 1635 non
1102 1573 1145 1635 ita
1155 1572 1303 1637 universe

271 1680 394 1748 dictum
412 1681 544 1776 intelligi
556 1683 671 1764 velim,
689 1686 778 1776 qnasi
793 1707 859 1750 non
879 1682 982 1749 multa
996 1707 1125 1773 quoque
1142 1682 1246 1749 aliena
1266 1708 1302 1748 ac

271 1799 376 1884 spuria
397 1814 428 1862 et
448 1798 525 1863 huic
544 1815 576 1863 et
599 1795 667 1862 aliis
687 1799 800 1886 passim
822 1795 1041 1862 Grammaticis
1057 1821 1075 1860 a
1091 1793 1228 1862 librariis
1251 1800 1301 1862 in-

269 1924 349 1973 serta
369 1907 499 1975 fixerint:
522 1913 612 1998 cujus
627 1910 671 1973 rei
692 1911 767 1974 itcm
783 1906 985 1975 luculentum
1002 1907 1184 1998 exemplum
1199 1908 1300 1974 babe-

270 2044 341 2086 mus
359 2023 393 2086 in
409 2019 564 2086 Anniano
582 2037 701 2101 nostro,
726 2037 763 2087 ut
780 2019 889 2109 Capite
910 2022 1053 2112 sequenti
1074 2021 1239 2110 apparebit
1251 2025 1275 2088 ¹.

307 2274 316 2308 ¹
329 2279 364 2327 De
377 2279 535 2329 Eucuubvtum
546 2283 644 2333 nonina
656 2257 807 2333 Burmannus
824 2284 854 2332 ad
867 2286 959 2334 calcem
976 2289 1109 2350 apographi
1120 2288 1180 2337 haec
1193 2290 1296 2338 notavit:

272 2373 447 2422 »librationum
458 2375 545 2424 titulus
559 2379 591 2427 ab
610 2376 729 2427 Arusiano
744 2377 800 2427 huic
815 2378 898 2427 libello
913 2379 1058 2441 inscriptus,
1072 2390 1099 2430 ut
1117 2381 1257 2432 &nuruum
1271 2385 1298 2430 de

273 2465 463 2517 adlocutionibut
474 2468 556 2518 lattdat
571 2465 639 2520 Serv.
654 2472 686 2520 ad
698 2472 766 2534 Virg.
780 2472 809 2520 V.
823 2472 885 2521 Aen.
898 2473 961 2522 its.
980 2473 1032 2522 llos
1043 2475 1115 2525 titulo
1133 2477 1245 2526 libellum
1264 2479 1297 2524 in·
1380 2523 1381 2528 ,

273 2562 441 2610 »scribendum
459 2577 530 2622 esso,
546 2571 612 2627 patet
626 2577 657 2614 ex
672 2566 724 2628 ipso
739 2566 874 2624 drudam,
891 2567 931 2614 in:
952 2569 1043 2616 lienum
1060 2571 1124 2618 iilum
1138 2573 1234 2633 [αιἐει,
1256 2572 1297 2621 ubi

272 2655 360 2704 »dicim
374 2655 442 2717 hujus
455 2658 589 2708 elocutionis
598 2673 645 2708 nou
656 2662 767 2710 bamur
779 2663 918 2722 exemplum.
931 2662 982 2710 vid.
995 2665 1072 2712 etin:
1086 2665 1130 2714 ilia
1141 2665 1295 2725 effususbio·
1379 2709 1380 2714 ,

270 2752 347 2798 »oudo
359 2751 530 2800 Sallustium*
544 2780 576 2790 -
589 2753 684 2802 Addidit
694 2747 839 2826 ¹Bo'ndumus
852 2755 955 2804 ibidem:
975 2757 1080 2807 »Vocem
1096 2767 1179 2808 autem
1191 2762 1295 2810 uocatio-

270 2857 340 2893 »mtm
352 2845 439 2895 eodem
450 2860 523 2896 sensu
535 2847 689 2898 Grammatici
701 2863 774 2912 saepo
787 2849 912 2900 adhibent.
927 2851 964 2900 ita
976 2850 1073 2902 Servius
1085 2869 1110 2916 p.
1127 2855 1203 2904 1787.
1219 2857 1237 2905 l.
1254 2857 1295 2906 13.
1379 2891 1380 2895 ,

270 2947 312 2989 »et
323 2940 435 3002 saepius,
448 2942 489 2990 oni
504 2943 577 2992 etiarn
589 2944 650 2992 ibid.
663 2944 683 2992 1.
702 2945 746 2993 ti.
762 2959 808 3012 pro
819 2947 957 2994 locudonem
968 2959 999 2994 ex
1011 2947 1117 2997 editione
1134 2949 1210 2998 Paris.
1229 2950 1294 3000 resti·

203 3079 206 3085 .
269 3035 402 3084 »tuendum
414 3043 452 3085 ost
462 3038 619 3087 mmmmm.
633 3039 672 3088 ita
681 3054 706 3101 p.
719 3039 846 3098 1796,18.
860 3048 885 3090 et
897 3040 958 3088 alibi
968 3054 1000 3089 ex
1007 3041 1066 3091 Cod.
1075 3043 1253 3094 iiaermanni.''
1261 3070 1295 3083 -

269 3125 309 3176 Sic
320 3127 419 3178 Servius
429 3130 460 3178 ad
473 3130 530 3178 Viii
543 3130 605 3180 Aen.
620 3133 670 3180 107
684 3139 710 3180 et
724 3134 790 3182 ⁴54:
803 3133 900 3182 hornuto
911 3135 1009 3184 elocutio
1020 3144 1070 3193 cau·
1086 3151 1130 3199 pro
1139 3153 1188 3200 quo
1200 3140 1231 3187 ad
1243 3139 1292 3187 Eoi.

271 3220 297 3276 9,
310 3234 333 3268 v.
346 3221 390 3270 25:
408 3222 598 3274 tommosam
611 3234 655 3274 ott.
673 3226 741 3275 idem
752 3227 782 3275 ad
792 3226 849 3276 v111
862 3228 924 3276 Aen.
938 3229 1102 3279 litoroso:
1115 3233 1290 3292 bonosiacorum

271 3321 294 3361 et
304 3314 391 3364 similia
402 3317 491 3377 passim
502 3318 571 3368 aiibi.
650 3291 653 3297 ¹
