2790 5116
708 429 884 492 ..Η-

290 639 305 677 »
312 609 396 680 illius
414 609 519 702 vigilia
543 608 702 688 defendit,
726 609 870 676 oninium
886 609 988 676 otium
1010 603 1096 672 illius
1109 603 1214 686 labor,
1240 629 1314 672 om-

290 752 306 789 u
312 727 403 792 nium
422 721 546 790 delicias
561 721 645 788 illius
659 721 811 789 industria
820 768 831 802 ,
849 721 993 788 omnium
1009 719 1204 785 vacationem
1227 716 1315 784 illius

291 837 508 927 aoempauo.''
531 836 697 904 Ennodius
724 837 758 902 in
778 834 969 925 Panegyrico
995 831 1194 900 Theodorioo
1211 829 1311 920 Regi:

291 953 375 1018 »otia
398 967 503 1018 nostra
525 951 632 1042 magni
648 949 739 1040 Regis
757 945 936 1016 sollicitudo
956 943 1123 1014 aaudtss’

336 1282 474 1350 Socrates
491 1285 576 1374 apud
593 1283 776 1366 Platonem,
799 1287 888 1351 initio
905 1282 1058 1362 Phaedri,
1079 1304 1154 1347 oum
1173 1279 1314 1347 audivis-

291 1414 337 1462 set
369 1398 495 1490 Lysiam
529 1399 700 1463 orationem
729 1399 950 1485 composuisse,
984 1394 1079 1483 hujus
1115 1393 1311 1482 argumenti:

293 1509 334 1588 oie
356 1509 510 1597 χαριστέον
530 1509 576 1598 μή
598 1511 701 1598 ἐρῶντι
725 1515 842 1594 μᾶλλον
875 1504 897 1595 ἢ
927 1509 1049 1594 ἐρῶντι,
1066 1501 1236 1569 exclamat:
1274 1501 1313 1572 Ὤ

291 1624 433 1707 rimator!
464 1619 521 1686 εἴθε
544 1617 683 1708 γράψειεν
708 1618 750 1697 ὦς
776 1616 838 1706 χρῆ
855 1616 957 1704 advari
984 1610 1144 1703 μᾶλλονῆ
1169 1615 1313 1707 πλουσίῳ.

293 1730 383 1798 Hanc
401 1725 541 1798 ὑπόθεσιν
560 1745 592 1794 et
610 1747 722 1796 votum
745 1728 877 1796 Socratis
897 1743 1003 1818 postea
1024 1723 1166 1814 implevit
1186 1723 1313 1792 Philos-

293 1857 412 1923 tratus,
444 1842 583 1932 quadani
615 1839 761 1932 epistola,
777 1828 858 1932 'qua
892 1834 1039 1931 juvenem
1067 1853 1191 1921 monet,
1222 1861 1313 1904 nese

293 1959 419 2044 spernat
442 1977 614 2042 pauperem
643 1970 832 2034 amatorem,
855 1953 908 2019 sed
928 1953 1032 2041 potius
1051 1949 1202 2018 divitibus
1224 1974 1313 2039 praa-

294 2066 392 2146 ferat,
415 2083 503 2157 grato
526 2067 623 2158 magis
644 2067 750 2134 animo
780 2065 945 2148 fiituruin,
968 2088 1006 2131 ae
1029 2064 1248 2131 modestiorem
1284 2081 1313 2129 et

294 2178 521 2266 promptiorem
540 2178 581 2244 ad
599 2201 818 2270 quaecumque
839 2179 1018 2246 ministeria
1049 2174 1187 2267 Sequens
1221 2177 1311 2241 etiam

295 2287 441 2379 epistola,
465 2290 505 2356 ad
523 2288 690 2357 mulierem
706 2292 837 2381 scripta,
860 2293 895 2360 in
918 2290 1029 2356 eodeni
1044 2306 1230 2380 argumento
1244 2313 1310 2354 ver-

295 2419 391 2470 satur.
416 2402 627 2492 Comparandi
645 2401 770 2470 Tibulli
787 2405 871 2470 idem
894 2404 1013 2495 agentis
1027 2387 1142 2469 uersus¹
1152 2403 1180 2483 I,
1196 2405 1229 2482 t,
1251 2404 1287 2468 61
1301 2428 1308 2466 :

435 2564 535 2634 Pauper
552 2563 602 2616 erit
618 2573 718 2636 praesto
735 2563 797 2618 tibi:
816 2573 918 2636 praesto
935 2581 1031 2636 pauper
1048 2565 1132 2619 adibit

471 2659 586 2723 Primus,
606 2661 679 2712 etin
696 2668 787 2712 tenero
804 2659 871 2712 fixus
889 2661 939 2713 erit
956 2661 1045 2714 latere.

435 2754 534 2825 Pauper
551 2755 580 2807 in
597 2764 705 2822 angusto
722 2753 789 2806 fidus
806 2772 892 2807 comes
909 2757 1008 2823 agmine
1026 2754 1133 2818 turbae,

471 2849 645 2921 Subjioiotque
663 2867 768 2916 manus,
789 2847 931 2922 effioietque
948 2851 1029 2904 viam.

435 2945 534 3015 Pauper
551 2943 586 2998 ad
603 2945 716 3000 oooultos
732 2943 824 3000 furtim
841 2943 953 3000 deducet
970 2947 1077 3010 amoos,

470 3039 614 3114 Vinclaque
632 3037 666 3092 de
683 3039 760 3094 niveo
777 3037 898 3094 detrahet
915 3039 969 3114 ipse
986 3037 1063 3112 pede.

755 3219 869 3238 *μὴ

728 3389 807 3453 GAP.
827 3389 892 3452 Vll.

340 3543 517 3640 Columella
540 3541 697 3615 inPrael'.
721 3550 762 3616 ad
781 3547 880 3617 libros
900 3550 939 3617 de
959 3552 1005 3618 lle
1033 3552 1158 3620 Rustica
1170 3602 1180 3635 ,
1212 3553 1230 3646 S
1253 3556 1313 3635 10,

295 3660 455 3729 honorum
475 3661 648 3749 cupidiores
667 3661 709 3726 ita
733 3661 870 3748 deridet,
893 3679 931 3729 ut
963 3663 1046 3731 dieat
1071 3689 1121 3732 eos
1145 3666 1314 3732 mnrium

287 3777 454 3867 famulatu
466 3798 530 3864 per
549 3775 683 3840 dedeom
695 3777 839 3865 fascium
858 3777 952 3842 &rus
962 3826 973 3857 ‚
998 3795 1031 3845 et
1054 3788 1216 3869 imperium
1235 3805 1315 3846 mer·

297 3896 375 3954 cari.
422 3889 461 3954 In
482 3887 599 3978 quihus
618 3884 722 3954 verbis
750 3888 929 3954 notandum
955 3888 1089 3979 duplicis
1116 3893 1316 3980 oppositionis

297 4023 440 4066 acumen.
487 4000 632 4066 Primum
646 4015 690 4066 est
708 4001 742 4066 iii
761 4000 826 4067 his:
847 4025 912 4090 per
929 4001 1060 4068 άεᾰεοω
1073 4053 1082 4087 ,
1096 4003 1242 4093 fascium
1262 4005 1317 4069 de-

298 4135 370 4194 cur3
385 4111 502 4202 quibus
514 4109 621 4178 similis
633 4127 678 4178 est
690 4110 822 4180 Senecae
835 4114 998 4195 sententia,
1015 4115 1128 4192 Natur.
1147 4117 1273 4199 Quaest.
1288 4118 1316 4183 Ι.

204 4299 206 4304 ,
297 4225 331 4289 in
354 4222 462 4289 Praes:
487 4222 663 4303 lambitis,
684 4247 765 4314 quae
784 4241 815 4289 te
834 4224 874 4290 ad
898 4225 1093 4316 dignitatem,
1115 4230 1173 4294 nisi
1192 4253 1250 4316 per
1269 4231 1319 4295 in-
