2790 5116
692 339 864 402 ...40-

356 523 468 588 »Mille
505 521 653 586 librarum
694 535 831 586 mutuum
856 521 951 586 dedic
983 521 1146 604 Terentius
1176 521 1300 585 Heaut.

399 637 472 702 »cui
496 635 699 725 dragmarum
721 634 798 699 haec
820 635 940 724 argenti
964 629 1053 698 mille
1071 633 1203 698 dederat
1226 657 1305 698 mu-

403 765 529 813 utuum.

356 861 486 925 »Minna
503 859 596 924 habet
615 883 687 924 uno.
739 860 849 924 Cicero
866 858 905 922 de
926 859 1034 924 Praet.
1059 859 1141 924 urb:
1157 860 1246 925 etc.”
1258 897 1304 908 —-

265 974 332 1039 ead.
360 995 433 1064 pag.
459 972 537 1038 haec
560 973 647 1061 apud
666 973 923 1038 Lindemannum
945 968 1112 1062 leguntur:

354 1087 488 1152 Nescius
504 1087 563 1151 hoc
572 1086 700 1174 facere.
730 1087 821 1174 Va'rg.
851 1084 966 1173 Georg.
990 1085 1037 1149 II.
1087 1085 1217 1150 Nescius
1239 1085 1302 1149 hoc

397 1197 475 1263 fieri.
523 1199 611 1263 Ideni
637 1201 721 1276 Aen.
743 1198 824 1262 XII.
865 1197 908 1262 Et
930 1199 1031 1262 nescia
1045 1199 1129 1262 vinci
1153 1215 1297 1286 pectora.

397 1311 487 1376 Idem
511 1311 626 1399 Georg.
660 1311 706 1375 II.
755 1309 800 1375 At
823 1334 929 1376 secura
951 1312 1039 1400 quiae
1062 1327 1093 1375 et
1113 1313 1215 1378 nescia
1238 1308 1300 1375 sal-

401 1421 466 1488 lere
484 1425 560 1488 vita.

309 1538 547 1603 Lindemannus
564 1553 713 1616 annotat,
730 1535 827 1602 verba
841 1533 911 1600 illa:
952 1536 1086 1603 Nescius
1096 1536 1155 1601 hoc
1164 1538 1248 1624 fieri
1264 1538 1297 1600 in

266 1652 402 1717 secundo
429 1650 658 1742 Georgicorum
681 1673 839 1739 nusquam
869 1647 949 1739 legi:
985 1649 1091 1738 itaque
1120 1650 1154 1713 in
1186 1649 1297 1714 Indice

265 1763 353 1829 huno
381 1761 490 1828 retulit
520 1764 602 1828 inter
632 1760 718 1827 locos
741 1763 931 1848 scriptorum
962 1785 1042 1850 quos
1064 1763 1199 1851 reperire
1228 1787 1296 1828 non

265 1877 380 1963 potuit.
423 1873 478 1940 Nil
503 1876 621 1939 miror:
646 1897 722 1939 nam
736 1891 810 1938 srmt
830 1872 928 1939 verba
947 1873 1094 1941 Ammiani
1102 1924 1113 1956 ,
1135 1898 1203 1940 non
1217 1875 1295 1943 Vir-

264 1986 349 2077 gilii,
372 2003 410 2050 ut
435 2003 521 2073 parat
544 2010 583 2050 ex
609 1985 796 2075 apographis
826 1986 1046 2068 Leidensibus,
1070 1986 1128 2054 ubi
1150 1988 1228 2054 haec
1251 1990 1294 2052 ita

268 2097 477 2166 exhibentur:

352 2210 487 2290 Nescius
505 2210 563 2274 hoc
573 2209 700 2299 facere.
749 2213 785 2275 V
781 2221 842 2301 irg.
868 2212 1053 2302 Georg.,II.

352 2323 487 2390 Nereius
507 2324 565 2387 hoc
581 2325 670 2412 fieri.
722 2325 814 2414 Virg.
839 2328 922 2392 Aen.
949 2326 1032 2391 XII.
1080 2325 1189 2392 Nescia
1210 2328 1291 2392 vinci
1379 2385 1380 2388 ,

396 2452 533 2524 pectora.
579 2437 669 2501 Idem
699 2437 815 2520 Georg.
840 2438 892 2503 ub.
914 2440 961 2504 II.
1009 2437 1054 2506 At
1075 2463 1182 2507 secura
1205 2444 1290 2532 quies
1379 2451 1380 2492 i

396 2564 427 2612 et
451 2550 552 2614 nescia
575 2546 684 2614 fallere
706 2551 783 2615 vita.

309 2658 414 2727 Facile
443 2658 646 2727 librariorum
667 2687 806 2728 errorem
831 2667 965 2757 corrigas
984 2667 1061 2733 haec
1085 2668 1127 2733 ita
1150 2685 1290 2758 transpo-

265 2775 386 2841 nendo:

351 2889 487 2954 Nescius
518 2888 577 2954 hoc
593 2889 721 2979 facere.
772 2891 864 2978 Virg.
891 2889 1007 2980 Georg.
1025 2892 1073 2958 II.
1121 2893 1167 2959 At
1186 2919 1289 2961 secura

398 3001 486 3090 quies
503 3018 534 3066 et
551 2979 653 3066 noecia
671 2999 778 3069 fallere
801 3005 876 3068 vita.

352 3115 486 3179 Nescius
512 3115 571 3179 hoo
583 3116 672 3200 fieri.
722 3117 814 3205 Virg.
837 3119 921 3182 Aen.
948 3118 1028 3183 XII.
1076 3122 1191 3190 Nescia*
1208 3125 1288 3188 rioci

397 3241 534 3310 pectora.
1152 3243 1159 3256 '

264 3356 298 3422 p.
326 3334 403 3429 2493
428 3337 569 3414 summi,
594 3361 670 3425 pro:
696 3341 740 3404 Et
757 3341 838 3404 hanc
863 3365 945 3426 rem,
968 3360 1142 3436 utrumque
1160 3371 1288 3438 apogra-

263 3446 385 3535 phum:
432 3447 546 3512 Nitens
574 3450 656 3515 hanc
684 3475 748 3516 rem
777 3453 837 3518 Ιιαο
869 3478 925 3537 re;
948 3460 1109 3546 quomodo
1130 3460 1289 3527 exhiberet

264 3560 330 3625 sinc
349 3559 449 3625 dubio
471 3561 565 3626 etiam
585 3560 664 3627 Cod.
684 3562 788 3644 Gud.,
810 3569 868 3632 nisi
885 3567 947 3634 hoc
968 3567 1038 3635 loco
1057 3589 1132 3637 esset
1146 3573 1285 3640 mutilus.

264 3696 297 3759 p.
322 3673 398 3737 251.
431 3671 613 3738 Daecribam
640 3674 692 3739 hic
716 3690 819 3742 totum
854 3679 1043 3765 articulum,
1076 3685 1151 3774 quia
1178 3701 1223 3750 est
1252 3711 1288 3750 ex

264 3784 557 3872 praaetantioribus:
605 3788 700 3853 »Post
713 3801 981 3879 praepositionem
1003 3805 1172 3862 accusativi
1200 3823 1288 3864 casus

265 3921 279 3958 u
286 3911 434 3961 asserunt
442 3899 567 3985 quidam
578 3908 762 3990 interpositu
766 3905 848 3989 fieri
860 3930 952 3970 casus
964 3907 1102 3974 alterius.
1128 3911 1148 3975 I
1147 3911 1216 3976 dem
1228 3914 1264 3976 V
1257 3913 1277 3976 I
1277 3937 1287 3975 .·

264 4007 395 4098 »Longo
426 4026 495 4097 post
516 4028 656 4102 tempore
675 4017 790 4082 visum.
821 4019 887 4084 Sal.
913 4019 952 4085 B.
981 4019 1050 4087 Cat.
1076 4021 1196 4089 Multos
1221 4041 1289 4113 post

264 4141 395 4184 pannos.
435 4123 599 4190 Terentius
612 4129 736 4191 tamen”
754 4126 854 4217 [hanc
867 4129 1055 4218 particulam
1070 4136 1198 4202 inseruit
1213 4138 1288 4202 Lin-
