2790 5116
532 502 612 512 -ιοιι--ιι

49 655 271 714 annotaveram3
280 651 369 718 iisque
374 643 510 717 subjunxi
518 649 791 704 dissertatiunculam
802 649 836 703 de
843 649 1087 708 armunensem

50 750 210 823 Exemplis
218 749 411 804 Elaeutionum
418 790 428 817 ,
446 768 527 823 quem
545 749 666 806 libellum
679 769 716 806 ea
725 753 895 828 apographis
908 751 1087 811 bibliothecae

50 855 335 929 Lugduno·Batarae
342 852 464 911 videbar
471 854 642 929 milu‘poullo
649 857 863 912 emendatiorem
873 857 988 913 reddere
997 875 1087 931 posse.

49 961 95 1013 In
111 957 162 1014 hoc
176 970 270 1014 autem
285 939 443 1033 Specimine
454 978 514 1015 esse
523 960 623 1027 video,
638 962 713 1034 quad
721 968 821 1035 paucis
836 961 1025 1016 excusandum
1038 966 1086 1042 sit.

48 1063 172 1118 Etenim
194 1081 279 1118 ausus
304 1081 366 1118 sum
387 1061 433 1117 liic
454 1065 511 1118 illic
532 1064 671 1137 quaedam
691 1078 819 1120 ueterum
842 1069 1007 1140 scriptorum
1027 1067 1087 1119 loca

49 1172 226 1238 conjecturis
247 1178 368 1223 tentare:
389 1168 465 1242 quod
485 1175 626 1242 negotium
646 1163 772 1241 fhrtosse
795 1188 814 1224 a
833 1172 970 1225 nonnullis
989 1177 1087 1225 existi-

48 1268 184 1326 mabitur
199 1284 322 1328 aetatem
342 1290 432 1336 meam
457 1285 487 1328 et
503 1280 674 1346 imperitiam
689 1291 794 1348 parum
815 1274 921 1330 decere.
939 1273 968 1328 A
986 1272 1086 1348 quibus

49 1395 111 1432 non
127 1395 245 1450 prorsas
266 1377 416 1445 dissentio‚·
436 1391 466 1432 et
484 1390 635 1452 propterea
650 1396 761 1452 paucas
783 1391 894 1436 tantum
911 1386 1087 1451 conjecturas

44 1482 162 1552 pratuli
168 1521 178 1549 ,
190 1488 377 1555 praecipuam
394 1493 488 1537 autem
503 1500 616 1556 operam
629 1489 659 1537 in
667 1485 739 1558 pliis
758 1480 838 1539 rebus
850 1486 989 1543 collocari.
1008 1487 1084 1543 Nam

50 1583 135 1656 quod
151 1604 189 1640 esc
204 1585 248 1640 liis
262 1591 331 1659 ipsis
348 1593 475 1660 quamvis
488 1594 590 1660 paucis
605 1584 803 1660 speciminibus
818 1603 957 1662 appareat
974 1603 1082 1659 tamen,

50 1709 100 1745 me
116 1698 236 1765 priuatis
252 1692 354 1748 studiis
374 1699 403 1747 in
421 1691 472 1746 lroc
488 1710 591 1765 genere
609 1709 815 1765 nonnumquam
837 1699 979 1767 ingenium
1000 1713 1085 1750 eaer-

49 1803 160 1851 cuisse:
179 1815 259 1852 nemo
267 1837 277 1865 ,
298 1810 332 1852 ut
345 1770 459 1870 opinor,¹
471 1808 529 1851 tam
547 1796 634 1850 durus
648 1803 718 1864 erit,
741 1804 791 1871 qui
808 1797 877 1853 milti
889 1804 962 1853 uitio
973 1811 1085 1854 vertere

49 1906 137 1960 velit.
165 1905 249 1977 Quod
264 1912 289 1960 si
312 1911 376 1978 quis
389 1897 498 1974 suerit,
525 1919 688 1976 magnorum
710 1911 834 1958 virorum
856 1909 1019 1960 testimoniis
1040 1922 1085 1960 me

50 2005 165 2077 tuebor,
178 2016 229 2082 qui
236 2014 384 2063 uerissime
392 2007 660 2074 animaduerterunt,
673 2006 723 2062 liae
736 2009 859 2064 studium
864 2011 985 2080 juvenili
995 2018 1085 2066 aetati

49 2119 198 2188 imprimis
211 2120 357 2187 proprium
370 2131 430 2169 esse
442 2115 545 2181 solere,
559 2131 593 2168 ac
605 2121 678 2169 mira
687 2114 809 2188 quadam
823 2119 963 2170 suavitate
972 2115 1085 2169 allicere

48 2218 274 2272 adolescentium
289 2225 402 2274 animos.
419 2219 467 2274 Sic
483 2219 528 2278 W
521 2215 722 2290 yttenbacltius
733 2225 847 2293 scripsit
863 2225 892 2273 in
909 2220 978 2273 Vita
990 2216 1084 2273 liulin-

50 2323 149 2389 kenii,
162 2341 196 2395 p.
213 2318 286 2380 234:
298 2324 445 2380 »turencio
455 2330 598 2398 ingenium
608 2317 672 2396 fere
687 2323 728 2378 ad
733 2324 951 2379 emendationem
962 2325 1083 2397 procuro

51 2439 125 2483 nest.
135 2428 190 2483 Est
205 2446 273 2484 sane
286 2429 445 2484 emendatio
458 2425 558 2483 munies
567 2436 752 2503 praecipuum
767 2427 901 2495 Critices,
913 2434 1031 2502 ejusque
1048 2435 1082 2482 ti-

52 2539 182 2589 »rocinio
201 2540 338 2608 imprimis
354 2545 424 2608 apta
439 2540 559 2590 materia
566 2574 576 2602 ,
595 2551 657 2588 cum
672 2539 874 2589 exercitatione
887 2539 1003 2608 ingenii,
1022 2544 1082 2589 tum

53 2633 223 2694 »illecebris
237 2634 389 2696 excitandi
405 2634 614 2717 retinendique
631 2633 753 2693 studiiss’
771 2639 826 2692 Vir
840 2635 978 2694 Celeberr.
989 2638 1082 2694 Peerl-

54 2743 152 2818 lcamp,
172 2752 201 2799 in
221 2742 354 2802 Biblioth.
377 2743 485 2800 Critica
502 2745 583 2800 Nooa
603 2745 667 2800 III.
681 2763 715 2818 p.
735 2737 804 2800 398.
816 2761 879 2798 cum
898 2743 933 2797 de
946 2748 1081 2812 juvenum

54 2850 156 2904 ardore
174 2857 204 2904 in
222 2849 276 2904 liae
290 2869 321 2904 re
338 2850 517 2923 temperando
536 2849 661 2904 diceret:
680 2845 795 2903 »Habet
813 2843 929 2926 (inquit)
949 2849 999 2902 illu
1014 2848 1080 2902 dioi-
1164 2910 1166 2916 .

55 2955 164 3009 nnandi
173 2955 390 3029 cupiditassatis
399 2956 461 3025 ussa
468 2949 768 3006 dulcedinis.’'Similiu
780 2952 815 3005 de
824 2969 884 3006 sese
886 2947 1031 3025 pmfhssus
1039 2964 1083 3008 est

50 3066 185 3134 princeps
196 3058 364 3115 Criticorum
381 3057 596 3140 Germanorum,
609 3057 752 3126 Hcynius,
769 3072 831 3109 cum
842 3058 949 3130 uiginti
962 3068 1019 3111 tres
1033 3075 1081 3112 an-

54 3183 105 3220 nos
120 3177 206 3220 natus
227 3164 405 3222 Charitonem
428 3168 457 3216 in
474 3162 599 3236 linguam
613 3165 742 3234 patriam
759 3177 870 3215 versum
890 3160 999 3228 ederet,
1021 3175 1082 3218 tes·

54 3283 174 3346 tumque
190 3271 326 3327 Graecum
342 3266 458 3326 subinde
473 3287 511 3323 ea·
530 3272 692 3338 conjectura
707 3273 883 3322 immutasset
901 3264 923 3322 1.

17 3385 18 3388 ’
99 3377 206 3431 Verum
218 3371 385 3432 haecverba
396 3392 502 3429 meane
516 3370 682 3447 quibusdam
692 3367 818 3445 fortasse
831 3379 923 3428 minus
931 3381 1082 3448 perspicua

53 3481 219 3549 videantur,
241 3483 368 3555 intelligo
382 3477 451 3535 milti
466 3483 634 3533 sententium
647 3477 794 3532 dicendam
803 3495 862 3533 esse
877 3478 912 3532 de
925 3497 966 3545 re,
981 3479 1082 3553 dequa

49 3559 186 3656 judicare
196 3589 302 3660 alioqui
312 3602 404 3642 meum
419 3601 473 3640 non
489 3599 549 3637 esse
559 3588 760 3639 existimarem.
778 3583 1061 3658 Ergoqaidscntiam
1067 3625 1078 3653 ,

18 3749 20 3754 ,
55 3692 149 3746 dicam
165 3692 288 3747 modeste
303 3702 333 3748 et
351 3697 479 3766 ingenue.
493 3688 587 3744 Entnt
598 3682 693 3760 scente,
709 3692 761 3761 qui
774 3691 981 3744 extimationem
996 3695 1080 3744 istam

56 3814 148 3851 meam
163 3801 309 3864 mirentur,
330 3813 393 3851 eum
409 3813 463 3850 non
475 3811 588 3869 paucae
602 3799 631 3849 in
641 3799 850 3868 petrianostra
863 3797 1081 3853 Dissertationes

92 4021 101 4055 ¹
120 4025 150 4073 ln
162 4023 329 4080 Praelatione,
346 4022 383 4070 his
393 4021 488 4104 rochis:
506 4018 565 4076 siclt
573 4019 631 4066 iaie
643 4019 757 4066 niermner
762 4019 829 4078 jenes
839 4019 972 4068 umndliclu
981 4019 1083 4084 loono-

58 4133 118 4180 »aen
129 4132 256 4181 genesen,
268 4119 312 4166 das
325 4116 449 4177 etojunoer
458 4115 559 4163 Kritilsus
571 4113 703 4174 empiliaci,
712 4125 776 4160 wem
784 4126 809 4159 er
818 4115 943 4162 onmdiren
951 4112 1040 4164 iam.'’
1047 4143 1083 4156 .-

57 4215 111 4263 vid.
126 4215 267 4270 llemenm,
285 4211 309 4260 in
327 4209 424 4273 egregia
439 4209 487 4258 vita
501 4208 601 4270 Heynii:
618 4207 682 4269 Opp.
697 4207 808 4256 Historic.
826 4209 881 4258 Vol.
897 4210 938 4259 vl.
956 4226 982 4272 p.
1001 4214 1044 4261 3¹1.
