2790 5116
741 415 914 480 .'.·10..

320 599 352 688 2,
373 622 405 663 v.
426 599 482 677 31,
504 612 595 663 vocat
618 619 778 677 nannum,
797 599 854 687 qui
880 599 913 664 in
933 621 964 663 se
987 601 1152 666 recurrit.”
1177 603 1277 668 Poeta
1299 603 1337 668 de

319 713 514 798 Temporum
534 710 680 776 varietate
697 710 731 773 in
744 707 846 775 Anah.
861 707 931 776 Lat.
952 713 992 776 T.
1015 712 1058 777 Π.
1077 736 1111 801 p.
1136 716 1212 780 391:
1234 716 1337 782 »redit

318 845 442 888 »annus
463 823 497 887 in
520 821 675 886 annum.”
694 811 842 888 ¹Volebat
860 821 980 888 dicere:
1005 825 1086 889 redit
1107 849 1209 892 annus
1232 837 1267 894 ἰα
1290 853 1334 894 ce.

319 933 417 1023 Cujus
436 934 581 1000 carminis
593 949 752 998 auctorem
773 951 845 1000 ante
861 931 968 1000 oculos
989 935 1134 1002 habuisse
1148 937 1336 1021 Horatium,

319 1047 382 1114 Od.
396 1047 456 1128 IV,
469 1048 500 1111 7.
518 1046 641 1111 monuit
656 1043 805 1112 celeberr.
820 1045 940 1113 Horatii
958 1049 1120 1137 interpres.
1143 1051 1191 1116 Ea
1206 1053 1338 1120 imitatio

318 1156 421 1224 multo
439 1160 532 1224 etiam
542 1155 732 1224 manifestior
746 1175 841 1243 esset,
857 1160 882 1224 si
895 1157 1042 1227 adfinem
1054 1157 1171 1226 horum
1187 1187 1339 1232 versuum

319 1271 424 1338 addita
441 1270 484 1338 ab
501 1273 567 1360 ipso
590 1287 716 1336 auctore
734 1268 873 1351 fiterint,
892 1295 974 1361 quae
987 1274 1024 1338 iis
1038 1271 1188 1362 subjecit,
1212 1273 1339 1342 fortasse

320 1400 425 1450 tamen
443 1382 484 1449 de
501 1405 557 1450 suo
570 1383 687 1448 addens
698 1382 799 1472 (quod
810 1384 844 1450 in
858 1383 961 1451 medio
975 1384 1148 1475 relinquo),
1163 1385 1339 1454 Columba·

319 1521 379 1564 nus
398 1495 508 1564 abhas
522 1498 557 1563 in
569 1495 710 1585 Epistola
724 1497 765 1564 ad
785 1494 988 1566 Hunaldumz

813 1713 849 1723 -
865 1681 936 1736 redit
952 1701 1033 1738 mnus
1051 1685 1079 1736 in
1096 1703 1202 1738 annum.

459 1779 552 1835 Omnia
568 1799 628 1834 curn
645 1777 767 1844 redeant,
787 1775 884 1832 homini
901 1795 947 1830 sua
964 1797 1018 1832 non
1035 1776 1104 1831 redit
1121 1790 1203 1848 aetas,

319 1960 350 2006 et
366 1965 447 2031 quae
459 1955 646 2030 sequuntur:
659 1961 740 2028 quae
753 1952 835 2004 certe
849 1959 923 2004 cum
941 1935 1116 2004 Horatianis
1130 1941 1338 2029 comparanda
1372 2007 1373 2010 ,

319 2071 404 2118 sunt.

363 2315 517 2384 Nondum
530 2312 703 2406 Virgilium
724 2314 852 2382 missum
873 2311 963 2380 facio:
984 2315 1039 2380 sed
1057 2315 1219 2405 subjiciam
1241 2341 1337 2408 quae-

320 2431 394 2496 dam
414 2428 454 2495 de
469 2452 561 2494 versu
584 2425 755 2508 AeneidoS,
777 2426 810 2490 in
835 2450 900 2516 quo
920 2425 1077 2494 Romanas
1097 2444 1177 2493 artes
1198 2429 1256 2495 has
1279 2455 1339 2496 esse
1372 2403 1373 2426 l

320 2543 525 2631 praedicavit:
548 2541 685 2606 Parcere
707 2539 866 2627 subjectis,
891 2551 922 2604 et
940 2539 1094 2632 debellare
1120 2543 1282 2631 superbos.
1372 2567 1373 2584 ³

363 2654 432 2720 Hoc
446 2678 487 2719 ne
508 2679 527 2718 a
547 2650 789 2742 praeclarissimo
807 2668 877 2716 vate
900 2652 1005 2716 minus
1024 2676 1062 2718 ex
1078 2677 1165 2739 vero,
1185 2680 1283 2746 quam
1303 2683 1336 2722 ex

320 2764 425 2832 favore
448 2766 583 2831 Romani
601 2763 737 2829 nominis
757 2763 885 2852 (etenim
903 2761 990 2830 laudi
1009 2763 1042 2828 id
1061 2781 1131 2831 tum
1152 2767 1339 2858 ducebatur)

320 2879 441 2944 dictum
460 2878 531 2968 quis
549 2893 651 2966 putet,
673 2899 744 2942 ecce
762 2881 965 2942 recentiorem
982 2875 1187 2959 Graeculum,
1210 2879 1373 2962 Petrum
1372 2887 1373 2902 ¹

285 3063 289 3072 ,
319 2991 531 3074 Patricium,
522 3013 556 3056 111
571 2989 733 3078 Excerptis
750 2989 969 3080 Legationum,
987 2992 1027 3054 T.
1051 2989 1241 3079 LScriptor.
1258 2993 1335 3058 Hist.
1372 2939 1373 3068 l

319 3103 450 3193 Byzant.
474 3103 524 3168 ed.
548 3099 707 3180 Niebuhr,
726 3124 771 3189 p.
782 3101 856 3165 128.
879 3099 963 3164 idem
977 3098 1070 3188 plane
1092 3099 1257 3167 Galerium
1275 3106 1339 3168 Im·

320 3231 496 3302 peratorem
514 3210 604 3302 loqui
631 3209 813 3293 facientem,
842 3235 876 3275 se
902 3213 963 3284 ταῖς
982 3211 1044 3274 τῶν
1063 3205 1175 3274 οἰκείων
1189 3205 1338 3296 προγόνων

317 3320 431 3404 'ipseo
439 3319 618 3398 ἀκολουθεῖν,
635 3313 679 3401 οἷς
697 3319 762 3394 ἓθος
777 3318 991 3404 φείδεσθαιμὲν
1004 3325 1065 3385 τῶν
1079 3318 1227 3406 ὑπηκόων,
1249 3347 1340 3388 κατα·
1372 3333 1373 3376 Τ

279 3451 282 3457 ’
319 3433 494 3520 φωτίζεσθαι
506 3431 541 3496 δὲ
552 3435 614 3498 ταῖν
628 3429 888 3513 ἀντιταττομένων.
913 3435 961 3502 Ac
980 3437 1004 3500 si
1021 3434 1101 3501 forte
1122 3434 1211 3503 locus
1230 3434 1287 3502 ille
1306 3465 1340 3504 er
1372 3453 1373 3458 ’

297 3547 298 3550 “
320 3549 455 3643 Virgilio
475 3550 588 3614 ductus
603 3571 665 3613 esse
683 3548 826 3612 videatur
844 3548 932 3636 (nam
947 3565 1029 3614 certe
1045 3548 1141 3616 verba
1159 3547 1341 3641 Virgilianis
1372 3555 1373 3608 ἶ

320 3679 395 3732 sunt
416 3659 600 3749 simiIIIma),
623 3661 711 3726 omni
735 3661 845 3750 utique
870 3663 1050 3749 exceptione
1073 3665 1173 3750 major
1196 3665 1281 3728 testis
1301 3679 1340 3728 est

319 3775 477 3842 Diodorus
504 3770 645 3852 Siculus,
678 3773 735 3861 qui
760 3771 819 3838 lib.
852 3773 1009 3840 XXXIII.
1043 3773 1128 3839 idem
1154 3757 1339 3863 scripserat:

320 3876 366 3950 du
383 3877 501 3967 διεδόθη
517 3881 616 3966 ἡτῶν
633 3880 785 3958 Ρωμαίων
805 3877 878 3965 πρός
898 3879 955 3961 μὲν
970 3878 1040 3958 τούς
1058 3880 1344 3966 ἅντεπραττομέναυς

322 3994 520 4082 ἀπαραίτητος
537 3991 681 4077 τιμωρία,
700 3993 772 4078 πρὸς
789 3992 825 4057 δὲ
839 3990 909 4066 ταῖς
928 3997 1160 4076 πετθαρχοῦντας
1177 3993 1197 4078 η’
1211 3999 1267 4079 τῆς
1284 4000 1343 4063 ἐπι-

323 4101 599 4191 εικείαςτὶτττρβολήε
622 4108 709 4198 quod
725 4108 938 4198 fragmentum
960 4108 993 4172 in
1013 4107 1139 4196 Scriptt.
1163 4108 1253 4174 Vett.
1277 4111 1343 4178 Va-

322 4228 422 4290 ticana
439 4219 630 4288 Collectione
649 4224 689 4286 T.
713 4223 754 4285 ΙΙ.
783 4245 815 4308 p.
842 4221 896 4285 99.
918 4220 1015 4285 edidit
1034 4218 1118 4310 Ang.
1147 4221 1263 4309 Majus.
