2790 5116
716 418 889 481 ..19-

294 595 330 643 ut
358 577 514 644 nudarent
542 601 671 667 corpora
697 580 794 668 magis
814 601 910 670 quam
939 592 1093 668 tegerent,
1125 591 1231 640 tamen
1255 575 1318 640 dici
1377 613 1378 634 ÷

294 691 380 755 oncri
396 714 432 756 ac
447 687 604 755 molestiae
621 712 702 772 esse3
727 691 805 756 etin
822 690 885 756 istis
900 688 1038 754 vestibus
1053 687 1158 754 sudari
1165 736 1175 766 ,
1192 688 1232 753 dc
1245 689 1319 778 qni·

292 802 354 868 bus
389 800 422 870 S.
454 800 656 882 Ambrosius,
686 803 790 867 inania
812 802 947 867 divitum
976 800 1077 866 studia
1108 799 1259 879 irridens,
1284 801 1319 863 in

292 915 376 984 libro
402 917 442 983 de
470 916 621 983 Nabuthe
652 939 720 1006 cap.
757 919 788 981 5.
811 917 947 1004 scripsit:
995 913 1144 980 »Habent
1168 929 1201 978 et
1221 913 1319 978 vesti·

293 1045 422 1095 »menta
440 1027 555 1121 frigora
582 1051 656 1110 sua·,
680 1025 801 1119 algetur
819 1029 853 1093 in
874 1028 991 1092 sericist
1017 1043 1121 1092 tamen
1140 1029 1241 1114 pretia
1264 1030 1318 1115 ju·

293 1156 407 1222 avant,
442 1157 473 1206 et
500 1165 582 1232 quae
604 1157 718 1206 natura
743 1156 902 1205 aversatur
932 1139 1130 1206 commendat
1150 1139 1316 1204 avaritia.”

293 1253 427 1344 Signum
449 1269 505 1318 aut
521 1253 649 1318 maximi
669 1250 741 1318 solis
762 1250 898 1331 ardoris,
927 1268 982 1316 aut
1000 1247 1234 1316 incredibilium
1258 1252 1316 1316 de-

292 1363 448 1430 liciarum.
471 1362 525 1430 Ad
547 1365 666 1430 aestatis
680 1363 805 1430 ardores
819 1359 1021 1428 declarandos
1040 1359 1149 1428 retulit
1166 1360 1315 1430 Sidonius

292 1475 484 1566 Apollinaris
514 1477 558 1544 Π.
588 1477 650 1565 Ep.
683 1478 723 1541 9:
755 1498 864 1542 »nunc
890 1475 1030 1540 damin
1063 1474 1190 1540 carbaso
1221 1476 1315 1541 sudat

292 1613 415 1670 nunus,
438 1586 517 1654 alter
541 1590 575 1654 in
600 1587 797 1680 bombyce·‚”
821 1589 876 1678 qui
902 1587 1028 1652 videtur
1047 1584 1252 1668 Juvenum,
1276 1605 1314 1653 ut

291 1724 399 1789 saepe,
422 1718 494 1766 aute
511 1699 618 1767 oculos
643 1700 803 1767 habuisse:
828 1723 1023 1792 quamquam
1038 1697 1090 1765 hic
1111 1717 1256 1788 posuerat
1280 1703 1313 1765 in

291 1813 518 1880 documentum
534 1815 649 1879 nimiae
665 1812 820 1880 luxuriae.
848 1814 969 1878 Pariter
985 1815 1019 1878 in
1047 1811 1178 1878 mollitie
1197 1813 1312 1880 Orien·

290 1923 403 1990 talium
429 1924 632 1991 describenda
650 1923 797 1990 adhibuit
818 1922 939 1990 Auctor
970 1925 1111 1991 Incertus
1129 1927 1311 2018 panegyrici

290 2035 495 2101 Constantino
512 2033 599 2126 Aug.
617 2036 692 2102 dicti
708 2035 746 2102 C.
774 2037 816 2100 il
836 2035 883 2123 (in
902 2035 1017 2128 Paneg.
1035 2037 1126 2105 Vett.⁴
1147 2037 1310 2105 Arntrenii

290 2171 324 2235 p.
352 2147 447 2235 53l):
473 2145 602 2236 »qrrales
627 2171 756 2213 amoena
780 2146 945 2229 Graeciae,
974 2166 1005 2214 et
1021 2148 1148 2216 deliciae
1173 2151 1309 2217 Orientis

290 2258 469 2340 reducum,
504 2260 557 2324 vix
587 2258 657 2326 leve
680 2257 829 2349 pallium,
853 2277 885 2326 et
913 2263 1022 2328 sericos
1048 2265 1149 2344 sinus,
1181 2263 1308 2328 vitando

290 2367 403 2434 »sole1
431 2367 597 2437 tolerantes
608 2373 637 2436 :''
669 2397 767 2464 quern
792 2375 929 2440 imitatus
954 2393 998 2442 est
1025 2376 1155 2441 Latinus
1180 2375 1308 2440 Pacatus

289 2480 472 2572 panegyrici
494 2505 562 2571 cap.
588 2485 641 2550 33.
667 2483 780 2550 militas
800 2485 996 2552 Antonianos
1021 2488 1055 2552 in
1074 2485 1161 2554 bello
1182 2485 1307 2552 Actiaco

290 2590 481 2657 describens:
512 2592 603 2660 »illos
625 2612 731 2664 tenero
752 2595 946 2686 perlucentes
965 2601 1100 2680 amictu,
1124 2616 1155 2664 et
1171 2583 1224 2664 viri
1240 2597 1308 2664 leve

289 2702 476 2770 »carbasum
503 2706 631 2773 vitando
659 2708 723 2775 sole
755 2707 954 2778 tolerantes?
1000 2711 1089 2778 Idem
1118 2709 1307 2778 Claudianus

289 2815 323 2880 in
347 2815 482 2906 Eutrop.
501 2818 573 2883 Lib.
593 2820 637 2888 ΙΙ.
661 2845 693 2887 v.
717 2823 792 2888 337.
813 2824 846 2888 in
872 2824 1017 2890 monstris
1035 2825 1098 2889 istis
1119 2821 1258 2890 libidinis
1277 2841 1307 2887 et

288 2924 430 2994 luxuriae
453 2931 593 2996 notavit:

313 3047 317 3054 Ι
707 3093 884 3164 -onerique
902 3095 944 3147 rel
962 3094 1016 3165 ipsa

532 3185 624 3238 Serica.

287 3324 338 3387 cui
358 3321 428 3390 loco
451 3329 575 3417 gemina
588 3327 682 3418 plane
703 3350 777 3399 sunt
790 3332 887 3399 verba
903 3333 936 3400 S.
961 3335 1145 3424 Hieronymi
1166 3337 1199 3399 in
1216 3335 1307 3424 Epis-

287 3432 351 3500 tola
379 3436 420 3502 ad
449 3439 687 3509 Pammachium
716 3467 810 3534 super
837 3445 928 3511 obitu
947 3445 1097 3512 Paulinae
1120 3449 1245 3531 uxoris,
1267 3448 1307 3513 de

285 3545 473 3615 mulieribus
505 3552 725 3623 delicatissimis
756 3560 798 3624 ita
827 3557 1000 3650 loquentis:
1047 3559 1190 3643 »Quibus
1213 3563 1316 3654 serica

286 3662 398 3726 »vestis
416 3666 503 3728 oneri
514 3684 595 3752 erat,
607 3684 638 3733 et
653 3668 737 3736 calor
753 3671 824 3738 solis
836 3671 1051 3741 incendium.'’
1074 3670 1168 3738 Libet
1177 3672 1230 3738 hic
1241 3697 1307 3738 me-

282 3855 471 3869 Β*

257 3977 260 3984 “
319 3985 328 4018 ¹
347 3987 426 4036 Illud:
446 3992 537 4038 nando
561 3995 623 4052 acle,
644 4007 707 4054 quae
726 3997 797 4047 lectio
816 3999 900 4065 Parati¹
919 4000 973 4048 loco
991 4014 1046 4051 mcx
1065 4003 1160 4052 citando
1179 4003 1307 4063 firmatur,

284 4081 348 4130 male
364 4089 470 4141 mutant,
490 4085 554 4134 male
571 4087 703 4148 explicant.
727 4087 848 4152 Significat
858 4099 943 4142 auctor
951 4107 993 4144 eos
1005 4097 1110 4146 studiose
1124 4098 1201 4147 vitare
1214 4101 1308 4159 solem,

283 4184 308 4222 et
326 4175 360 4224 sio
378 4189 451 4238 aegre
469 4191 498 4226 ac
515 4179 554 4228 rix
570 4182 786 4234 tolerarewesteru
803 4186 914 4234 senum.
