2790 5116
126 799 240 870 versa
268 799 423 868 oramus
457 781 553 870 rua.
581 803 706 888 Ques.
743 807 776 886 1,
812 809 865 872 rr.
904 807 943 873 a
967 805 1105 876 ruant

77 913 273 982 Phaedone:
302 923 406 983 nescio
419 946 421 960 ⁴
435 916 606 1005 quomoda,
629 917 704 982 dum
726 919 817 1009 lego,
840 927 1011 986 assentior:
1034 945 1105 986 cum

23 1033 25 1036 ’
70 1038 175 1116 posui
190 1029 324 1110 libr-um,
348 1042 512 1096 simaeum
531 1038 655 1118 ipsc-
676 1039 766 1120 coepi
786 1040 944 1121 cogitare,
966 1039 1106 1098 assensio

77 1143 186 1206 omnis
215 1140 274 1206 illa
303 1140 457 1207 clabitur:
479 1139 671 1208 muitarum
702 1143 874 1210 imitatione
910 1141 1105 1234 frequentata

75 1267 167 1317 sunt.
220 1251 340 1318 Habuit
359 1231 448 1320 oo‘in
465 1272 571 1320 mente
589 1252 622 1322 S.
643 1255 872 1347 Hieronymus,
895 1279 970 1324 cum
988 1255 1106 1324 scribe·

75 1378 149 1444 ret,
174 1362 237 1430 lib.
254 1365 298 1430 II.
320 1366 439 1432 advers.
463 1364 660 1459 Pelagianos:
694 1368 828 1455 Quando
851 1377 934 1434 enirn
950 1369 1104 1460 loqueris,

78 1489 212 1542 coactus
237 1486 537 1570 argumentationum
566 1479 704 1568 strophis
727 1480 783 1544 tibi
802 1481 917 1546 videor
933 1488 1104 1548 assonare.-

76 1611 151 1654 cum
183 1605 288 1656 auiam
318 1600 471 1670 tacueris,
502 1615 545 1656 ea·
564 1597 670 1656 animo
690 1613 798 1656 rursus
813 1591 957 1658 elabitur.
1003 1591 1104 1674 Item,

77 1715 117 1766 ut
136 1702 285 1783 videtur,
313 1701 468 1781 Isidorus,
500 1699 643 1790 Etymol.
665 1700 718 1783 Π,
743 1703 781 1766 2:
815 1701 901 1766 Nam
920 1702 1107 1770 membranis

77 1824 231 1896 retentis,
265 1822 357 1904 quasi
390 1822 540 1880 accrescit
568 1822 734 1878 momoriae
751 1820 849 1880 sarias
874 1813 1038 1880 dictionu:
1069 1839 1108 1880 ac

78 1924 118 2013 (s.
142 1927 193 2016 at)
207 1949 283 1992 moa
305 1931 470 2013 repositis,
487 1924 662 1990 recordatio
675 1933 776 1990 omnis
795 1923 938 1990 clabitur.
962 1925 1107 2016 Denique

44 2089 48 2098 ,
77 2037 247 2106 Ausonium
268 2040 302 2105 in
316 2034 652 2128 EpistolisSyrnmnch.
667 2037 701 2117 I,
720 2039 780 2105 26:
805 2039 997 2104 Persuaaisti
1016 2038 1106 2117 milii,

78 2151 238 2238 epistolae
266 2175 353 2216 meac
380 2150 467 2239 apud
490 2150 632 2241 Capuam
650 2150 706 2218 tibi
730 2150 870 2216 redditae
890 2156 1107 2217 'concinnatio-

79 2286 159 2328 nem
200 2263 399 2328 inhumanam
440 2285 503 2326 nan
539 2285 618 2328 csse.
679 2263 748 2328 Sed
780 2263 839 2349 lioc
871 2287 935 2328 non
965 2264 1106 2343 diuam,

78 2399 181 2466 quam
211 2376 284 2442 dum
309 2384 462 2464 paginam
489 2388 575 2440 tuam
600 2376 683 2463 legi,
706 2397 785 2466 quac
810 2399 859 2440 mc
876 2375 1035 2441 blanditiis
1057 2384 1107 2440 in·

79 2488 223 2554 bicinam
248 2495 334 2568 suis,
364 2488 465 2555 veluti
493 2509 586 2554 succo
621 2496 757 2554 nectaris
789 2487 927 2554 delibuta
946 2487 1105 2577 perducit.

83 2601 147 2666 Ubi
169 2609 252 2668 enim
274 2601 447 2667 chartulam
455 2625 557 2689 pono,
571 2615 605 2666 ct
621 2610 783 2704 meipsum
798 2608 977 2689 interrogo,
993 2615 1052 2666 eta.
1063 2637 1107 2650 -·

81 2713 190 2780 Aliud
214 2723 314 2780 ceratio
339 2738 382 2778 en
399 2713 530 2802 epistola
553 2726 626 2794 tua,
651 2712 740 2776 aliud
757 2735 800 2778 en
820 2719 1011 2778 conscientia
1024 2735 1104 2776 moa.

81 2825 206 2892 Rursus
233 2822 346 2891 ultimo
378 2822 511 2890 Ausonii
540 2822 637 2891 verbo
666 2825 813 2911 expressit
833 2823 1018 2902 Ennodius,
1040 2823 1105 2910 Ep.

83 2937 117 3018 I,
142 2941 185 3003 i:
210 2941 420 3026 Anagnosticc'
430 2935 531 3023 fidem
551 2947 691 3016 occutus,
716 2947 747 2998 et
764 2942 853 2998 suavi
880 2941 1032 2998 arationis
1053 2956 1108 2998 aa·

78 3077 162 3140 porc
171 3064 364 3141 provocatus
373 3098 383 3130 ,
390 3071 475 3138 pene
488 3055 601 3111 vitium
616 3046 735 3110 credidi
751 3069 814 3110 rem
825 3068 892 3109 esse
910 3053 1055 3126 uirtutum
1066 3059 1108 3095 4-

83 3165 192 3230 Aliud
222 3162 391 3229 sentiebam
414 3162 454 3225 dc
482 3161 617 3250 epistola
648 3172 776 3238 vestra,
800 3157 891 3224 aliud
920 3156 959 3222 dc
989 3181 1110 3246 propo-

84 3286 146 3342 sito
172 3299 251 3342 meo.

440 3459 442 3466 a
543 3449 658 3468 *—

528 3614 608 3678 CAP.
629 3615 663 3677 V.

132 3777 292 3846 iuvenalis
306 3777 370 3845 Sat.
390 3777 450 3845 VI.
475 3799 507 3841 v.
530 3775 614 3854 258,
639 3775 723 3840 259:
748 3773 842 3838 dixit:

227 3947 277 3994 flac
295 3952 362 4003 ami,
381 3956 441 4005 quac
458 3942 519 3990 imai
534 3939 658 3988 sudantia
677 3939 788 3998 cyclade,
808 3949 904 3998 auarum

229 4039 329 4088 Maias
346 4045 369 4088 ct
383 4036 521 4098 panniculus
539 4031 686 4092 bombycinus
703 4031 758 4077 urit.

134 4179 216 4243 Mira
235 4200 301 4254 res,
325 4188 422 4240 vestes
440 4170 665 4261 bombycinus,
678 4189 760 4255 quae
779 4189 813 4230 ea
832 4182 929 4230 essent
950 4164 1110 4244 tenuitate,
