2790 5116
512 407 686 469 ...47-

75 590 279 679 patefactum
299 602 415 654 estete.
444 589 680 656 Lindemannus
700 608 790 678 putat
806 589 889 656 illud
898 592 980 658 llist.
993 592 1104 658 Pirim.

80 729 122 770 ex
143 704 228 769 Hist.
244 711 344 790 prim.
367 719 553 790 corruptum
571 726 644 768 esse.
694 704 776 768 Eam
793 705 973 792 opinionem
993 703 1109 772 confir-
1184 720 1189 731 '

80 833 175 882 mant
193 815 305 882 Leidd.
321 865 330 898 ,
347 817 380 880 in
400 815 517 905 quibus
539 834 601 882 ost:
626 816 756 882 salust.
778 817 861 883 Hist.
881 818 914 882 I:
930 839 991 906 quo
1002 820 1106 906 putes.
1159 855 1162 859 ·

80 954 129 1018 p.·
151 930 227 994 960.
258 929 293 992 in
312 928 479 994 Successit.
522 926 684 996 Ultimum
698 926 836 996 Sallustii
852 927 960 995 locum
979 931 1020 994 ita
1039 953 1109 996 cor·
1136 926 1138 932 ’

80 1042 254 1133 rigendum
270 1040 454 1130 conjiciebat
473 1041 668 1108 Bondamus:
691 1057 797 1108 castra
817 1051 901 1130 regis
923 1043 1109 1125 succedam,

80 1172 113 1221 et
130 1179 269 1244 propere
293 1163 459 1218 stationem
478 1155 645 1242 euplcrrare
656 1154 767 1242 jubet‚·
789 1155 954 1218 stationem
974 1178 1108 1244 nempe,

79 1291 166 1358 quae
186 1283 261 1332 ante
279 1283 378 1331 castra
398 1283 475 1332 erat.

79 1405 113 1469 p.
137 1381 214 1446 961.
263 1380 302 1443 In
323 1379 389 1442 Sub
410 1379 471 1444 bac
492 1402 526 1442 re
542 1377 583 1443 'in
607 1377 687 1445 fine:
710 1380 839 1445 Sallust.
860 1381 945 1448 Hist.
965 1379 1025 1447 IV.
1043 1382 1109 1445 Do-

71 1495 124 1574 ¹lia
149 1516 220 1557 cum
244 1491 302 1556 sub
323 1491 427 1557 trabes
447 1491 550 1556 bucata
573 1490 691 1554 vitibus
713 1506 770 1555 aut
787 1500 892 1580 virgis
911 1490 1104 1555 vinciebant.

78 1607 320 1672 Lindemannus
348 1621 478 1669 annotat
509 1601 636 1668 fortasse
660 1600 863 1667 scribendum
890 1625 970 1668 esse:
1013 1603 1109 1668 Dolia

81 1741 176 1807 quae.
213 1719 276 1786 Sed
290 1720 402 1786 Leidd.
421 1721 532 1785 omisso
547 1716 602 1783 illo
616 1715 785 1784 vocabulo:
818 1720 915 1784 Dolia
932 1717 988 1782 sub
1007 1718 1107 1782 trabi-

79 1831 137 1896 bus
162 1831 275 1898 locam
324 1833 425 1898 Iidem
450 1856 541 1898 mox:
564 1845 619 1895 aut
647 1839 743 1918 tergis
775 1832 966 1895 vinciebant.
1013 1830 1107 1913 Quod

78 1966 204 2008 verum.
251 1945 336 2010 Nam
360 1955 458 2035 tergis
485 1944 666 2009 vinciebant
689 1969 727 2008 ex
750 1942 897 2010 Sallustio
923 1945 998 2008 citat
1016 1941 1103 2008 Serv.

77 2055 119 2119 ad
146 2054 230 2123 Aen.
253 2057 313 2122 IX.
339 2059 417 2122 119.

58 2193 111 2256 p.
136 2171 214 2235 969.
241 2172 275 2235 in
294 2172 403 2235 Sciens
425 2171 599 2258 liujusrei:
623 2171 756 2234 Sallust.
771 2171 855 2234 Hist.
875 2170 917 2233 II.
932 2170 1016 2235 Belli
1029 2194 1107 2236 sane

77 2285 192 2347 sciens.
237 2283 345 2347 Etiam
368 2282 478 2347 Leidd.
508 2280 646 2346 habent:
677 2283 800 2347 Bellica
829 2291 987 2362 nesciens,
1019 2282 1106 2372 quod

77 2393 233 2480 pulchre,
254 2396 297 2460 ita
320 2409 357 2458 ut
376 2395 488 2474 citavi,
512 2395 645 2458 correxit
667 2393 941 2459 Lindemannus1.
989 2394 1106 2460 Moneo

77 2507 149 2570 ideo
159 2555 169 2586 ,
192 2509 323 2597 nequis
343 2506 453 2572 videns
470 2531 489 2570 a
512 2504 705 2574 Ruhnkenio
726 2506 767 2570 ad
786 2503 947 2594 Vellejum
962 2529 996 2594 p.
1027 2509 1103 2574 365.

77 2622 167 2685 citari
188 2621 327 2686 Bellicae
349 2630 396 2686 rei
430 2614 554 2697 seierus,
575 2636 666 2708 putet
694 2621 736 2684 sic
755 2645 774 2684 a
794 2621 862 2686 viro
890 2617 1049 2708 praeclaro
1072 2621 1106 2686 in

77 2730 180 2797 Codd.
202 2732 315 2798 Leidd.
342 2749 503 2820 repertum
524 2755 596 2796 esse.
644 2731 728 2795 Nam
748 2755 783 2796 ea
799 2729 892 2796 lectio
911 2748 1010 2796 estex
1028 2755 1106 2796 con-

75 2848 214 2930 jectura,
235 2869 335 2934 quam.
358 2847 399 2910 ad
423 2848 597 2936 marginem
617 2843 873 2934 apographorum
894 2868 1025 2910 suorum
1049 2844 1106 2910 ad-

75 2962 238 3048 scripscrat
260 2961 462 3026 Burmannus
481 2958 653 3025 Secundus.

74 3097 107 3160 p.
134 3075 211 3139 966.
238 3075 272 3138 in
304 3074 432 3138 Vacuus
455 3073 514 3136 bac
542 3095 597 3135 re:
622 3071 754 3136 Sallust.
788 3071 872 3135 Hist.
902 3069 929 3134 I.
962 3070 1104 3134 Vacuam

7 3165 8 3168 Ἴ
75 3195 168 3251 utam
189 3185 318 3252 urbibus
334 3185 466 3250 militari
484 3198 598 3248 aetate.
646 3183 883 3248 Lindemannus
901 3205 961 3270 pro
978 3181 1104 3247 urbibus

7 3287 9 3350 1
74 3299 217 3386 conjicit:
240 3299 346 3364 urbem
364 3297 549 3362 bominibus.
588 3295 717 3364 Malim:
740 3296 846 3362 urbem
866 3303 962 3360 viris.
1080 3377 1083 3382 1

7 3479 8 3492 ¹
117 3411 234 3476 Unum
254 3413 348 3476 etiam
368 3409 506 3477 Sallustii
525 3409 632 3475 locum
649 3413 828 3498 conjectura
845 3408 1010 3474 emendare
1033 3423 1103 3470 ten·

75 3521 170 3602 tabo,
199 3526 291 3589 venia
316 3525 403 3610 prius
422 3522 568 3588 audaciae
586 3547 604 3586 a
627 3523 702 3586 viris
723 3521 821 3587 doctis
844 3521 1027 3606 impetrata,
1045 3521 1103 3607 qui

7 3619 8 3642 ³
75 3633 204 3728 legitur,

76 3774 107 3836 p.
136 3751 257 3814 91811]
279 3749 430 3812 Minister
452 3747 518 3809 luis:
552 3745 684 3809 Sallust.
719 3746 803 3808 Hist.
827 3742 886 3808 IV.
906 3741 1103 3806 Multitudini

76 3865 262 3941 ostendeus,
286 3883 378 3949 quarn
399 3859 499 3922 colere
516 3857 687 3944 plurimum
708 3869 743 3918 ut
764 3877 839 3918 mou
861 3862 964 3941 cupit,
988 3860 1016 3916 is
1043 3860 1101 3915 mi·

81 4027 286 4042 *mn-

110 4122 120 4154 ¹
139 4123 179 4171 Sic
201 4121 265 4170 idem
289 4118 431 4176 Sallustius,
452 4117 509 4178 lug.
529 4117 576 4164 9¹1:
596 4117 693 4164 scientes
708 4117 770 4164 belli.
809 4115 910 4174 Fronto,
931 4114 961 4162 de
980 4113 1099 4174 Eloquen-

76 4217 107 4264 tia
126 4233 151 4279 p.
172 4218 233 4264 955.
256 4215 295 4262 ed.
316 4215 455 4262 Romanae:
476 4212 642 4260 bellissimus
659 4219 681 4258 et
700 4225 769 4258 manu
788 4213 896 4270 prompti.
996 4191 997 4194 Ἴ
