2790 5116
517 389 694 452 ..M-

9 569 11 664 l
94 575 199 657 dem.·‚
219 598 285 641 non
306 573 426 640 habent
444 599 514 641 enm
529 577 623 640 etiam
640 573 771 664 Leidd]
789 597 866 642 »nee
884 583 1069 662 interposuit
1088 588 1118 639 et

9 677 11 714 ⁵
89 693 224 754 'sonsum
244 689 290 753 illi
307 689 472 753 ablativum
487 688 591 767 dedit,
605 697 639 751 in
654 687 779 772 Hecyr:
806 685 910 776 Ajunt
924 703 1028 752 tecum
1049 704 1120 776 post

9 779 11 832 ἶ
94 799 243 866 »duobus
269 799 472 867 concubuisse
493 825 563 865 eam
583 798 776 864 mensibus.''
792 835 838 854 -
854 800 917 865 Pro
934 809 1119 889 interpositu

9 919 10 998 i
94 914 206 978 Leidd.
221 912 323 979 Codd.
338 912 462 994 melius,
479 930 516 978 ut
529 892 670 979 videtur:
685 921 914 1000 interpositam:
929 915 1016 978 etsie
1030 910 1118 1005 legit,

9 1017 10 1094 ἶ
95 1029 152 1116 qui
167 1025 315 1092 Arusiani
328 1025 426 1092 verba
437 1030 479 1091 ita
491 1029 525 1092 in
541 1025 667 1092 brevius
680 1027 849 1109 contraxit:
875 1027 971 1091 »Post
982 1036 1120 1116 interpo—

9 1165 10 1172 ἒ
96 1147 180 1203 »sita
199 1139 247 1226 fit
278 1162 370 1203 casus
396 1138 567 1204 alterius:”
591 1137 751 1228 quomodo
769 1135 888 1203 babent
906 1138 1008 1205 Codd.
1031 1137 1117 1232 Ang.

9 1333 10 1338 η
94 1251 185 1339 Maji.
209 1251 288 1317 Mox
311 1250 351 1316 ad
370 1249 452 1316 illud
473 1253 603 1316 alterius
618 1267 786 1316 namverat
798 1251 994 1318 Bondamus:
1019 1250 1121 1318 »sorte

9 1409 10 1412 ,
96 1379 305 1452 »corruptum
329 1387 367 1429 ex
383 1361 467 1428 male
485 1361 643 1428 intellecta
657 1361 893 1430 abbreviatione
911 1365 1000 1445 obiti,
1022 1365 1056 1430 id
1076 1382 1121 1431 est

9 1519 11 1568 i
96 1475 259 1545 »ablativi
290 1477 358 1541 ait'i
385 1477 528 1542 scribunt
559 1500 617 1564 pro
642 1476 753 1560 alteri5
778 1476 855 1542 baec
879 1502 952 1544 sane
983 1480 1119 1545 vicina.''

9 1593 10 1598 ’
96 1588 218 1654 Deinde
235 1613 301 1654 non
317 1589 441 1654 videtur
464 1589 503 1653 de
526 1586 647 1668 nihilo,
668 1591 757 1678 quod
778 1592 812 1655 in
831 1590 975 1679 exemplo
995 1591 1121 1682 Virgilii

9 1743 10 1750 κ
96 1725 156 1791 pro
178 1711 282 1766 arisnm
306 1704 340 1767 in
358 1701 437 1768 Cod.
463 1700 548 1792 Ang.
572 1702 649 1791 Maji
672 1704 711 1767 sit
731 1711 831 1767 venit.
879 1702 1005 1771 Verba:
1029 1704 1121 1793 longo

91 1829 169 1902 post
188 1829 325 1903 tempore
344 1825 450 1896 venit,
475 1811 625 1906 leguntur
648 1813 709 1881 alio
730 1814 799 1880 loco
825 1816 911 1904 apud
929 1814 1120 1908 Virgilium,

97 1926 168 1993 Ecl.
182 1929 210 1992 I.
222 1952 254 1994 v.
279 1929 331 1995 30.
372 1930 416 1994 Et
433 1926 558 1994 fortasse
575 1944 750 2020 utrumque
765 1931 913 1995 citaverat
927 1927 1120 2008 Arusianus,

9 2099 10 2130 p
97 2042 151 2106 sed
170 2039 253 2106 male
272 2041 484 2107 confirderunt
503 2039 634 2106 librarii.
683 2042 828 2107 Tandem
848 2040 1030 2130 exemplum
1049 2040 1122 2110 Sal-

98 2153 183 2220 lustii
201 2152 297 2242 plane
318 2157 511 2221 contrarium
528 2171 572 2220 est
594 2158 660 2243 ejus
682 2157 861 2221 sententiae.
908 2156 1004 2222 Unde
1023 2157 1123 2244 suspi-

9 2291 10 2338 ᾗ
99 2291 153 2332 cor
179 2284 210 2332 et
235 2267 280 2332 ibi
301 2268 457 2357 quaedam
476 2269 587 2333 omissa
609 2292 690 2348 esse,
713 2286 744 2335 et
762 2267 956 2335 Arusianum
972 2271 1006 2333 in
1028 2267 1123 2334 talem

98 2379 162 2447 iere
185 2380 318 2447 modum
345 2383 510 2470 scripsisse:

188 2495 262 2560 Post
278 2503 549 2583 praepositionem
567 2504 736 2561 accusativi
757 2519 862 2578 casus,
888 2509 1031 2560 asserum
1053 2505 1124 2585 qai-

232 2609 322 2687 dam,
347 2609 678 2696 interpositam,·fieri
702 2633 793 2672 casus
814 2608 954 2674 ablativi.
975 2621 1008 2672 nt
1028 2610 1120 2698 Virg.

232 2721 348 2787 Bucol:
372 2719 468 2811 longo
483 2738 554 2809 post
569 2700 709 2810 tempore
725 2723 821 2786 venit.
847 2721 936 2785 Idem
956 2723 1040 2785 Aen.
1061 2721 1123 2784 VI:

232 2835 342 2926 Longo
359 2851 429 2921 post
447 2850 589 2921 tempore
607 2835 717 2898 visum.
766 2833 935 2897 Sallustius
950 2846 1053 2896 tannen
1068 2858 1125 2897 ac-

234 2955 370 3012 cusativo
377 2950 509 3034 junxit,
533 2946 613 3011 Bell.
641 2944 742 3010 Catil:
781 2941 901 3008 Multos
920 2960 990 3032 post
1005 2968 1122 3028 annos,

237 3061 400 3125 Terentius
414 3082 470 3122 nec
490 3067 675 3146 interposuit
684 3064 949 3147 praepositionem
968 3070 999 3121 et
1019 3071 1125 3123 cmm

162 3183 164 3188 '
234 3173 281 3238 illi
302 3173 471 3239 ablativum
490 3172 591 3250 dedit,
616 3180 648 3235 in
668 3173 783 3255 Hecyr.
807 3187 866 3237 eto.

102 3284 222 3367 Verba,
247 3308 328 3374 quae
349 3286 482 3363 inserui,
505 3285 600 3349 sumsi
618 3309 657 3349 ex
680 3281 741 3348 illis
763 3283 880 3373 quibus
897 3309 971 3351 usus
995 3302 1040 3349 est
1060 3287 1126 3374 epi-

103 3417 237 3464 tomator
262 3399 294 3462 in
315 3397 417 3463 Codd.
439 3397 533 3485 Maji:
558 3421 703 3487 quaeque
727 3421 766 3461 ex
788 3399 854 3485 ipso
873 3397 1029 3465 Arusiano
1052 3424 1127 3464 eum

103 3510 292 3578 transtulisse
313 3510 479 3599 probabile
503 3529 559 3579 est.

103 3649 134 3712 p.
157 3628 236 3690 952.
266 3625 300 3690 in
323 3625 488 3688 Praesidet
512 3624 584 3687 baio
617 3633 674 3688 rei.
723 3623 782 3688 Hic
811 3623 966 3713 quaedam
1001 3622 1127 3688 turbata

103 3755 175 3804 sunt
197 3737 284 3826 apud
307 3738 580 3818 Lindemannum,
604 3761 685 3826 quae
706 3737 747 3799 ita
768 3736 801 3800 in
822 3735 965 3800 ordinem
979 3736 1127 3826 redigunt

105 3851 204 3917 Codd.
232 3851 365 3916 Leidd.:
768 3847 769 3855 ’

192 3964 356 4028 Praesidet
371 3963 443 4026 linio
461 3972 517 4027 rei.
540 3964 574 4026 V
570 3972 630 4052 irg.
645 3966 728 4028 Aen.
741 3962 799 4027 lll
801 4013 808 4026 .
837 3962 953 4028 Geticis
970 3965 1025 4052 qui
1037 3987 1128 4051 prae-

238 4076 315 4140 sidet
332 4078 424 4140 arvis.
462 4076 550 4140 Idem
574 4079 657 4140 Aen.
684 4077 761 4142 Vll.
783 4079 853 4166 quis
871 4079 1008 4165 juppiter
1027 4101 1127 4167 anxy-

237 4213 291 4254 rus
313 4190 392 4254 arvis
413 4189 574 4276 praesidet.

12 4213 14 4320 i

12 4369 15 4484 ι

13 4551 16 4696 i
