<?xml version="1.0" encoding="UTF-8"?>
<!DOCTYPE html PUBLIC "-//W3C//DTD XHTML 1.0 Transitional//EN"
    "http://www.w3.org/TR/xhtml1/DTD/xhtml1-transitional.dtd">
<html xmlns="http://www.w3.org/1999/xhtml" xml:lang="en" lang="en">
 <head>
  <title>
</title>
<meta http-equiv="Content-Type" content="text/html;charset=utf-8" />
  <meta name='ocr-system' content='tesseract 3.04.00' />
  <meta name='ocr-capabilities' content='ocr_page ocr_carea ocr_par ocr_line ocrx_word'/>
</head>
<body>
  <div class='ocr_page' id='page_1' title='image "./denonnullisloci00hoevgoog_0021.png"; bbox 0 0 2790 5116; ppageno 0'>
   <div class='ocr_carea' id='block_1_1' title="bbox 685 343 836 406">
    <p class='ocr_par' dir='ltr' id='par_1_1' title="bbox 685 343 836 406">
     <span class='ocr_line' id='line_1_1' title="bbox 685 343 836 406; baseline -0.007 -15"><span class='ocrx_word' id='word_1_1' title='bbox 685 343 836 406; x_wconf 78' lang='grc'>..8-</span> 
     </span>
    </p>
   </div>
   <div class='ocr_carea' id='block_1_2' title="bbox 252 505 1381 936">
    <p class='ocr_par' dir='ltr' id='par_1_2' title="bbox 252 505 1381 936">
     <span class='ocr_line' id='line_1_2' title="bbox 254 505 1381 614; baseline -0.005 -22"><span class='ocrx_word' id='word_1_2' title='bbox 254 526 361 594; x_wconf 91' lang='lat' dir='ltr'><strong>locum</strong></span> <span class='ocrx_word' id='word_1_3' title='bbox 380 525 497 591; x_wconf 90' lang='lat' dir='ltr'><strong>habere</strong></span> <span class='ocrx_word' id='word_1_4' title='bbox 514 523 644 590; x_wconf 86' lang='lat' dir='ltr'><strong>nullum</strong></span> <span class='ocrx_word' id='word_1_5' title='bbox 666 541 776 612; x_wconf 87' lang='lat' dir='ltr'><strong>potest.</strong></span> <span class='ocrx_word' id='word_1_6' title='bbox 803 524 885 590; x_wconf 88' lang='lat' dir='ltr'><strong>Nam</strong></span> <span class='ocrx_word' id='word_1_7' title='bbox 908 547 994 590; x_wconf 92' lang='lat' dir='ltr'><strong>nunc</strong></span> <span class='ocrx_word' id='word_1_8' title='bbox 1018 523 1155 614; x_wconf 72' lang='lat' dir='ltr'><strong>quidem⁴</strong></span> <span class='ocrx_word' id='word_1_9' title='bbox 1170 525 1284 614; x_wconf 85' lang='lat' dir='ltr'><strong>pergit</strong></span> <span class='ocrx_word' id='word_1_10' title='bbox 1380 505 1381 512; x_wconf 8' lang='grc' dir='ltr'>ἵ</span> 
     </span>
     <span class='ocr_line' id='line_1_3' title="bbox 252 615 1381 730; baseline -0.004 -24"><span class='ocrx_word' id='word_1_11' title='bbox 252 641 443 730; x_wconf 88' lang='lat' dir='ltr'><strong>pastoritiam</strong></span> <span class='ocrx_word' id='word_1_12' title='bbox 463 641 560 704; x_wconf 85' lang='lat' dir='ltr'><strong>vitam</strong></span> <span class='ocrx_word' id='word_1_13' title='bbox 579 635 638 702; x_wconf 86' lang='lat' dir='ltr'><strong>sibi</strong></span> <span class='ocrx_word' id='word_1_14' title='bbox 664 661 838 726; x_wconf 86' lang='lat' dir='ltr'>proponere</span> <span class='ocrx_word' id='word_1_15' title='bbox 859 654 1021 727; x_wconf 87' lang='lat' dir='ltr'><strong>tamquam</strong></span> <span class='ocrx_word' id='word_1_16' title='bbox 1040 635 1199 702; x_wconf 89' lang='lat' dir='ltr'><strong>malorum</strong></span> <span class='ocrx_word' id='word_1_17' title='bbox 1222 661 1283 702; x_wconf 86' lang='lat' dir='ltr'><strong>re·</strong></span> <span class='ocrx_word' id='word_1_18' title='bbox 1380 615 1381 654; x_wconf 49' lang='lat'>¹</span> 
     </span>
     <span class='ocr_line' id='line_1_4' title="bbox 252 747 1283 838; baseline -0.003 -20"><span class='ocrx_word' id='word_1_19' title='bbox 252 753 409 831; x_wconf 87' lang='lat' dir='ltr'><strong>medium,</strong></span> <span class='ocrx_word' id='word_1_20' title='bbox 436 767 467 815; x_wconf 86' lang='lat' dir='ltr'><strong>et</strong></span> <span class='ocrx_word' id='word_1_21' title='bbox 489 765 594 837; x_wconf 85' lang='lat' dir='ltr'><strong>postea</strong></span> <span class='ocrx_word' id='word_1_22' title='bbox 614 747 759 834; x_wconf 89' lang='lat' dir='ltr'><strong>demum,</strong></span> <span class='ocrx_word' id='word_1_23' title='bbox 781 749 854 814; x_wconf 89' lang='lat' dir='ltr'><strong>inde</strong></span> <span class='ocrx_word' id='word_1_24' title='bbox 874 773 893 814; x_wconf 88' lang='lat' dir='ltr'><strong>a</strong></span> <span class='ocrx_word' id='word_1_25' title='bbox 913 771 994 814; x_wconf 80' lang='lat' dir='ltr'><strong>vers.</strong></span> <span class='ocrx_word' id='word_1_26' title='bbox 1016 748 1071 827; x_wconf 85' lang='lat'><strong>60,</strong></span> <span class='ocrx_word' id='word_1_27' title='bbox 1095 751 1283 838; x_wconf 85' lang='lat' dir='ltr'><strong>resipiscens</strong></span> 
     </span>
     <span class='ocr_line' id='line_1_5' title="bbox 253 865 423 936; baseline -0.047 0"><span class='ocrx_word' id='word_1_28' title='bbox 253 865 423 936; x_wconf 71' lang='lat' dir='ltr'><strong>exclamat:</strong></span> 
     </span>
    </p>
   </div>
   <div class='ocr_carea' id='block_1_3' title="bbox 390 1071 1107 1316">
    <p class='ocr_par' dir='ltr' id='par_1_3' title="bbox 390 1071 1107 1316">
     <span class='ocr_line' id='line_1_6' title="bbox 391 1071 1107 1144; baseline 0 -20"><span class='ocrx_word' id='word_1_29' title='bbox 391 1101 428 1116; x_wconf 90' lang='lat'><strong>·-</strong></span> <span class='ocrx_word' id='word_1_30' title='bbox 445 1083 579 1144; x_wconf 82' lang='lat' dir='ltr'><strong>tamquam</strong></span> <span class='ocrx_word' id='word_1_31' title='bbox 596 1073 659 1125; x_wconf 84' lang='lat' dir='ltr'><strong>haec</strong></span> <span class='ocrx_word' id='word_1_32' title='bbox 671 1075 724 1126; x_wconf 90' lang='lat' dir='ltr'><strong>sint</strong></span> <span class='ocrx_word' id='word_1_33' title='bbox 741 1074 821 1126; x_wconf 81' lang='lat' dir='ltr'><strong>nostri</strong></span> <span class='ocrx_word' id='word_1_34' title='bbox 839 1073 965 1126; x_wconf 88' lang='lat' dir='ltr'><strong>medicina</strong></span> <span class='ocrx_word' id='word_1_35' title='bbox 983 1071 1082 1134; x_wconf 79' lang='lat' dir='ltr'><strong>fluoris,</strong></span> <span class='ocrx_word' id='word_1_36' title='bbox 1097 1073 1107 1105; x_wconf 96' lang='lat'>¹</span> 
     </span>
     <span class='ocr_line' id='line_1_7' title="bbox 390 1165 1096 1220; baseline -0.004 -1"><span class='ocrx_word' id='word_1_37' title='bbox 390 1167 445 1219; x_wconf 82' lang='lat' dir='ltr'><strong>Aut</strong></span> <span class='ocrx_word' id='word_1_38' title='bbox 462 1169 529 1220; x_wconf 86' lang='lat' dir='ltr'><strong>Deus</strong></span> <span class='ocrx_word' id='word_1_39' title='bbox 544 1168 589 1220; x_wconf 87' lang='lat' dir='ltr'><strong>ille</strong></span> <span class='ocrx_word' id='word_1_40' title='bbox 606 1169 681 1220; x_wconf 85' lang='lat' dir='ltr'><strong>malis</strong></span> <span class='ocrx_word' id='word_1_41' title='bbox 697 1168 834 1219; x_wconf 84' lang='lat' dir='ltr'><strong>hominum</strong></span> <span class='ocrx_word' id='word_1_42' title='bbox 851 1168 982 1220; x_wconf 82' lang='lat' dir='ltr'><strong>mitescere</strong></span> <span class='ocrx_word' id='word_1_43' title='bbox 1000 1165 1096 1218; x_wconf 82' lang='lat' dir='ltr'><strong>discat!</strong></span> 
     </span>
     <span class='ocr_line' id='line_1_8' title="bbox 392 1261 1068 1316; baseline -0.004 -1"><span class='ocrx_word' id='word_1_44' title='bbox 392 1262 487 1316; x_wconf 85' lang='lat' dir='ltr'><strong>Omnia</strong></span> <span class='ocrx_word' id='word_1_45' title='bbox 504 1263 585 1316; x_wconf 84' lang='lat' dir='ltr'><strong>vincit</strong></span> <span class='ocrx_word' id='word_1_46' title='bbox 602 1263 698 1314; x_wconf 83' lang='lat' dir='ltr'><strong>Amor:</strong></span> <span class='ocrx_word' id='word_1_47' title='bbox 718 1272 745 1315; x_wconf 88' lang='lat' dir='ltr'><strong>et</strong></span> <span class='ocrx_word' id='word_1_48' title='bbox 762 1279 809 1314; x_wconf 90' lang='lat' dir='ltr'><strong>nos</strong></span> <span class='ocrx_word' id='word_1_49' title='bbox 825 1261 946 1314; x_wconf 85' lang='lat' dir='ltr'><strong>cedamus</strong></span> <span class='ocrx_word' id='word_1_50' title='bbox 963 1261 1068 1314; x_wconf 76' lang='lat' dir='ltr'><strong>Amori!</strong></span> 
     </span>
    </p>
   </div>
   <div class='ocr_carea' id='block_1_4' title="bbox 248 1431 1279 2085">
    <p class='ocr_par' dir='ltr' id='par_1_4' title="bbox 248 1431 1279 2085">
     <span class='ocr_line' id='line_1_9' title="bbox 295 1431 1279 1524; baseline -0.001 -25"><span class='ocrx_word' id='word_1_51' title='bbox 295 1433 368 1500; x_wconf 89' lang='lat' dir='ltr'><strong>Non</strong></span> <span class='ocrx_word' id='word_1_52' title='bbox 388 1450 517 1521; x_wconf 85' lang='lat' dir='ltr'><strong>possunt</strong></span> <span class='ocrx_word' id='word_1_53' title='bbox 530 1434 625 1524; x_wconf 83' lang='lat' dir='ltr'><strong>igitur</strong></span> <span class='ocrx_word' id='word_1_54' title='bbox 638 1431 735 1499; x_wconf 84' lang='lat' dir='ltr'><strong>verba</strong></span> <span class='ocrx_word' id='word_1_55' title='bbox 749 1431 893 1524; x_wconf 75' lang='lat' dir='ltr'><strong>Virgilii:</strong></span> <span class='ocrx_word' id='word_1_56' title='bbox 919 1432 1065 1498; x_wconf 83' lang='lat' dir='ltr'><strong>Crescent</strong></span> <span class='ocrx_word' id='word_1_57' title='bbox 1081 1432 1169 1516; x_wconf 79' lang='lat' dir='ltr'><strong>illae,</strong></span> <span class='ocrx_word' id='word_1_58' title='bbox 1185 1457 1279 1498; x_wconf 84' lang='lat' dir='ltr'><strong>cres·</strong></span> 
     </span>
     <span class='ocr_line' id='line_1_10' title="bbox 251 1542 1276 1634; baseline -0.002 -23"><span class='ocrx_word' id='word_1_59' title='bbox 251 1555 326 1611; x_wconf 79' lang='lat' dir='ltr'><strong>cetis</strong></span> <span class='ocrx_word' id='word_1_60' title='bbox 348 1549 489 1611; x_wconf 83' lang='lat' dir='ltr'><strong>amores!</strong></span> <span class='ocrx_word' id='word_1_61' title='bbox 514 1546 572 1610; x_wconf 90' lang='lat' dir='ltr'><strong>nisi</strong></span> <span class='ocrx_word' id='word_1_62' title='bbox 598 1545 637 1610; x_wconf 89' lang='lat' dir='ltr'><strong>de</strong></span> <span class='ocrx_word' id='word_1_63' title='bbox 659 1546 787 1610; x_wconf 87' lang='lat' dir='ltr'><strong>nomine</strong></span> <span class='ocrx_word' id='word_1_64' title='bbox 811 1542 935 1634; x_wconf 87' lang='lat' dir='ltr'><strong>puellae</strong></span> <span class='ocrx_word' id='word_1_65' title='bbox 961 1543 1066 1610; x_wconf 90' lang='lat' dir='ltr'><strong>arbori</strong></span> <span class='ocrx_word' id='word_1_66' title='bbox 1093 1546 1210 1626; x_wconf 89' lang='lat' dir='ltr'><strong>inciso,</strong></span> <span class='ocrx_word' id='word_1_67' title='bbox 1240 1561 1276 1610; x_wconf 90' lang='lat' dir='ltr'><strong>et</strong></span> 
     </span>
     <span class='ocr_line' id='line_1_11' title="bbox 251 1656 1273 1748; baseline 0 -26"><span class='ocrx_word' id='word_1_68' title='bbox 251 1656 345 1724; x_wconf 82' lang='lat' dir='ltr'><strong>simui</strong></span> <span class='ocrx_word' id='word_1_69' title='bbox 361 1682 435 1724; x_wconf 88' lang='lat' dir='ltr'><strong>cum</strong></span> <span class='ocrx_word' id='word_1_70' title='bbox 453 1657 565 1723; x_wconf 89' lang='lat' dir='ltr'><strong>arbore</strong></span> <span class='ocrx_word' id='word_1_71' title='bbox 582 1676 747 1744; x_wconf 84' lang='lat' dir='ltr'><strong>crescente,</strong></span> <span class='ocrx_word' id='word_1_72' title='bbox 769 1656 912 1748; x_wconf 80' lang='lat' dir='ltr'><strong>intelligi.</strong></span> <span class='ocrx_word' id='word_1_73' title='bbox 937 1657 1031 1741; x_wconf 81' lang='lat' dir='ltr'><strong>Quod</strong></span> <span class='ocrx_word' id='word_1_74' title='bbox 1049 1681 1151 1747; x_wconf 92' lang='lat' dir='ltr'><strong>quum</strong></span> <span class='ocrx_word' id='word_1_75' title='bbox 1164 1659 1207 1722; x_wconf 91' lang='lat' dir='ltr'><strong>ita</strong></span> <span class='ocrx_word' id='word_1_76' title='bbox 1217 1659 1273 1740; x_wconf 89' lang='lat' dir='ltr'><strong>sit,</strong></span> 
     </span>
     <span class='ocr_line' id='line_1_12' title="bbox 249 1768 1275 1860; baseline 0.002 -24"><span class='ocrx_word' id='word_1_77' title='bbox 249 1795 291 1836; x_wconf 87' lang='lat' dir='ltr'><strong>an</strong></span> <span class='ocrx_word' id='word_1_78' title='bbox 315 1769 530 1837; x_wconf 81' lang='lat' dir='ltr'><strong>dubitabimus</strong></span> <span class='ocrx_word' id='word_1_79' title='bbox 547 1770 670 1851; x_wconf 89' lang='lat' dir='ltr'><strong>adhuc,</strong></span> <span class='ocrx_word' id='word_1_80' title='bbox 695 1772 774 1860; x_wconf 92' lang='lat' dir='ltr'><strong>quin</strong></span> <span class='ocrx_word' id='word_1_81' title='bbox 792 1770 941 1853; x_wconf 89' lang='lat' dir='ltr'><strong>Ovidius,</strong></span> <span class='ocrx_word' id='word_1_82' title='bbox 957 1770 1014 1858; x_wconf 91' lang='lat' dir='ltr'><strong>qui</strong></span> <span class='ocrx_word' id='word_1_83' title='bbox 1034 1787 1100 1834; x_wconf 89' lang='lat' dir='ltr'><strong>tam</strong></span> <span class='ocrx_word' id='word_1_84' title='bbox 1121 1768 1275 1860; x_wconf 83' lang='lat' dir='ltr'><strong>frequen-</strong></span> 
     </span>
     <span class='ocr_line' id='line_1_13' title="bbox 248 1881 1274 1974; baseline 0.003 -27"><span class='ocrx_word' id='word_1_85' title='bbox 248 1882 473 1974; x_wconf 85' lang='lat' dir='ltr'><strong>terVirgilium</strong></span> <span class='ocrx_word' id='word_1_86' title='bbox 480 1881 641 1948; x_wconf 87' lang='lat' dir='ltr'><strong>manifesto</strong></span> <span class='ocrx_word' id='word_1_87' title='bbox 651 1883 692 1948; x_wconf 88' lang='lat' dir='ltr'><strong>ad</strong></span> <span class='ocrx_word' id='word_1_88' title='bbox 702 1881 836 1948; x_wconf 89' lang='lat' dir='ltr'><strong>verbum</strong></span> <span class='ocrx_word' id='word_1_89' title='bbox 846 1883 1003 1970; x_wconf 81' lang='lat' dir='ltr'><strong>expressit,</strong></span> <span class='ocrx_word' id='word_1_90' title='bbox 1014 1883 1107 1948; x_wconf 84' lang='lat' dir='ltr'><strong>etiarn</strong></span> <span class='ocrx_word' id='word_1_91' title='bbox 1118 1882 1207 1949; x_wconf 90' lang='lat' dir='ltr'><strong>hunc</strong></span> <span class='ocrx_word' id='word_1_92' title='bbox 1216 1907 1274 1950; x_wconf 87' lang='lat' dir='ltr'><strong>ex-</strong></span> 
     </span>
     <span class='ocr_line' id='line_1_14' title="bbox 249 1992 1269 2085; baseline 0.003 -26"><span class='ocrx_word' id='word_1_93' title='bbox 249 1997 400 2085; x_wconf 86' lang='lat' dir='ltr'><strong>quisitum</strong></span> <span class='ocrx_word' id='word_1_94' title='bbox 414 2019 538 2060; x_wconf 87' lang='lat' dir='ltr'><strong>sensum</strong></span> <span class='ocrx_word' id='word_1_95' title='bbox 558 1992 600 2059; x_wconf 83' lang='lat' dir='ltr'><strong>ab</strong></span> <span class='ocrx_word' id='word_1_96' title='bbox 610 1993 665 2058; x_wconf 90' lang='lat' dir='ltr'><strong>illo</strong></span> <span class='ocrx_word' id='word_1_97' title='bbox 675 1994 812 2079; x_wconf 81' lang='lat' dir='ltr'><strong>duxerit,</strong></span> <span class='ocrx_word' id='word_1_98' title='bbox 833 2017 907 2060; x_wconf 87' lang='lat' dir='ltr'><strong>cum</strong></span> <span class='ocrx_word' id='word_1_99' title='bbox 916 1995 1075 2078; x_wconf 81' lang='lat' dir='ltr'><strong>scriberet,</strong></span> <span class='ocrx_word' id='word_1_100' title='bbox 1084 1997 1269 2077; x_wconf 54' lang='lat' dir='ltr'><strong>Hervat:</strong></span> 
     </span>
    </p>
   </div>
   <div class='ocr_carea' id='block_1_5' title="bbox 329 2130 1154 2488">
    <p class='ocr_par' dir='ltr' id='par_1_5' title="bbox 329 2130 1154 2488">
     <span class='ocr_line' id='line_1_15' title="bbox 389 2130 959 2201; baseline 0.004 -19"><span class='ocrx_word' id='word_1_101' title='bbox 389 2130 485 2185; x_wconf 79' lang='lat' dir='ltr'><strong>Incisae</strong></span> <span class='ocrx_word' id='word_1_102' title='bbox 503 2139 605 2183; x_wconf 85' lang='lat' dir='ltr'><strong>servant</strong></span> <span class='ocrx_word' id='word_1_103' title='bbox 621 2148 636 2182; x_wconf 85' lang='lat' dir='ltr'><strong>n</strong></span> <span class='ocrx_word' id='word_1_104' title='bbox 653 2140 681 2184; x_wconf 89' lang='lat' dir='ltr'><strong>te</strong></span> <span class='ocrx_word' id='word_1_105' title='bbox 699 2148 757 2182; x_wconf 85' lang='lat' dir='ltr'><strong>mea</strong></span> <span class='ocrx_word' id='word_1_106' title='bbox 774 2132 878 2184; x_wconf 88' lang='lat' dir='ltr'><strong>nomina</strong></span> <span class='ocrx_word' id='word_1_107' title='bbox 894 2131 959 2201; x_wconf 79' lang='lat' dir='ltr'><strong>fagi:</strong></span> 
     </span>
     <span class='ocr_line' id='line_1_16' title="bbox 329 2223 927 2296; baseline -0.005 -17"><span class='ocrx_word' id='word_1_108' title='bbox 329 2250 332 2254; x_wconf 94' lang='lat'>·</span> <span class='ocrx_word' id='word_1_109' title='bbox 424 2226 459 2296; x_wconf 64' lang='lat' dir='ltr'><strong>Et</strong></span> <span class='ocrx_word' id='word_1_110' title='bbox 477 2227 545 2294; x_wconf 76' lang='lat' dir='ltr'><strong>legor</strong></span> <span class='ocrx_word' id='word_1_111' title='bbox 562 2224 669 2278; x_wconf 82' lang='lat' dir='ltr'><strong>Oenone</strong></span> <span class='ocrx_word' id='word_1_112' title='bbox 687 2223 751 2276; x_wconf 83' lang='lat' dir='ltr'><strong>ialce</strong></span> <span class='ocrx_word' id='word_1_113' title='bbox 769 2235 857 2278; x_wconf 85' lang='lat' dir='ltr'><strong>notata</strong></span> <span class='ocrx_word' id='word_1_114' title='bbox 875 2226 927 2278; x_wconf 78' lang='lat' dir='ltr'><strong>tub.</strong></span> 
     </span>
     <span class='ocr_line' id='line_1_17' title="bbox 388 2317 1154 2390; baseline 0.004 -21"><span class='ocrx_word' id='word_1_115' title='bbox 388 2317 423 2370; x_wconf 91' lang='lat' dir='ltr'><strong>Et</strong></span> <span class='ocrx_word' id='word_1_116' title='bbox 441 2327 569 2390; x_wconf 87' lang='lat' dir='ltr'><strong>quantum</strong></span> <span class='ocrx_word' id='word_1_117' title='bbox 587 2320 687 2380; x_wconf 84' lang='lat' dir='ltr'><strong>trunci,</strong></span> <span class='ocrx_word' id='word_1_118' title='bbox 707 2327 811 2370; x_wconf 89' lang='lat' dir='ltr'><strong>tanturn</strong></span> <span class='ocrx_word' id='word_1_119' title='bbox 829 2336 886 2372; x_wconf 86' lang='lat' dir='ltr'><strong>mea</strong></span> <span class='ocrx_word' id='word_1_120' title='bbox 904 2320 1009 2372; x_wconf 89' lang='lat' dir='ltr'><strong>nomina</strong></span> <span class='ocrx_word' id='word_1_121' title='bbox 1027 2329 1154 2372; x_wconf 87' lang='lat' dir='ltr'><strong>crescunt:</strong></span> 
     </span>
     <span class='ocr_line' id='line_1_18' title="bbox 420 2411 1070 2488; baseline 0 -24"><span class='ocrx_word' id='word_1_122' title='bbox 420 2411 545 2488; x_wconf 79' lang='lat' dir='ltr'><strong>Crescite,</strong></span> <span class='ocrx_word' id='word_1_123' title='bbox 565 2421 591 2464; x_wconf 87' lang='lat' dir='ltr'><strong>et</strong></span> <span class='ocrx_word' id='word_1_124' title='bbox 610 2414 638 2464; x_wconf 91' lang='lat' dir='ltr'><strong>in</strong></span> <span class='ocrx_word' id='word_1_125' title='bbox 657 2413 748 2465; x_wconf 89' lang='lat' dir='ltr'><strong>titulos</strong></span> <span class='ocrx_word' id='word_1_126' title='bbox 766 2415 859 2481; x_wconf 81' lang='lat' dir='ltr'><strong>surgite</strong></span> <span class='ocrx_word' id='word_1_127' title='bbox 878 2423 946 2466; x_wconf 87' lang='lat' dir='ltr'><strong>recta</strong></span> <span class='ocrx_word' id='word_1_128' title='bbox 963 2412 1070 2466; x_wconf 78' lang='lat' dir='ltr'><strong>meosi¹</strong></span> 
     </span>
    </p>
   </div>
   <div class='ocr_carea' id='block_1_6' title="bbox 247 2530 1266 2743">
    <p class='ocr_par' dir='ltr' id='par_1_6' title="bbox 247 2530 1266 2743">
     <span class='ocr_line' id='line_1_19' title="bbox 247 2530 1266 2622; baseline 0.003 -27"><span class='ocrx_word' id='word_1_129' title='bbox 247 2554 326 2621; x_wconf 92' lang='lat' dir='ltr'><strong>quos</strong></span> <span class='ocrx_word' id='word_1_130' title='bbox 352 2554 458 2596; x_wconf 85' lang='lat' dir='ltr'><strong>versus</strong></span> <span class='ocrx_word' id='word_1_131' title='bbox 472 2532 609 2597; x_wconf 86' lang='lat' dir='ltr'><strong>imitatus</strong></span> <span class='ocrx_word' id='word_1_132' title='bbox 630 2548 674 2596; x_wconf 86' lang='lat' dir='ltr'><strong>est</strong></span> <span class='ocrx_word' id='word_1_133' title='bbox 692 2530 814 2622; x_wconf 85' lang='lat' dir='ltr'><strong>elegans</strong></span> <span class='ocrx_word' id='word_1_134' title='bbox 834 2541 946 2620; x_wconf 70' lang='lat' dir='ltr'><strong>poeta,</strong></span> <span class='ocrx_word' id='word_1_135' title='bbox 969 2533 1068 2600; x_wconf 86' lang='lat' dir='ltr'><strong>Hadr.</strong></span> <span class='ocrx_word' id='word_1_136' title='bbox 1088 2530 1266 2618; x_wconf 86' lang='lat' dir='ltr'><strong>Relandus,</strong></span> 
     </span>
     <span class='ocr_line' id='line_1_20' title="bbox 247 2639 743 2743; baseline 0 -35"><span class='ocrx_word' id='word_1_137' title='bbox 247 2639 394 2708; x_wconf 86' lang='lat' dir='ltr'><strong>Galateae</strong></span> <span class='ocrx_word' id='word_1_138' title='bbox 415 2641 468 2708; x_wconf 88' lang='lat' dir='ltr'><strong>El.</strong></span> <span class='ocrx_word' id='word_1_139' title='bbox 493 2645 527 2708; x_wconf 89' lang='lat' dir='ltr'>X</span> <span class='ocrx_word' id='word_1_140' title='bbox 548 2667 580 2743; x_wconf 45' lang='lat' dir='ltr'><strong>V:</strong></span> <span class='ocrx_word' id='word_1_141' title='bbox 607 2645 649 2711; x_wconf 82' lang='lat'><strong>63</strong></span> <span class='ocrx_word' id='word_1_142' title='bbox 673 2668 743 2734; x_wconf 88' lang='lat' dir='ltr'><strong>sqq:</strong></span> 
     </span>
    </p>
   </div>
   <div class='ocr_carea' id='block_1_7' title="bbox 383 2803 1070 3141">
    <p class='ocr_par' dir='ltr' id='par_1_7' title="bbox 388 2803 1070 2970">
     <span class='ocr_line' id='line_1_21' title="bbox 388 2803 1025 2871; baseline 0.003 -15"><span class='ocrx_word' id='word_1_143' title='bbox 388 2803 446 2856; x_wconf 90' lang='lat' dir='ltr'><strong>Illic</strong></span> <span class='ocrx_word' id='word_1_144' title='bbox 465 2813 597 2860; x_wconf 81' lang='lat' dir='ltr'><strong>castaneae</strong></span> <span class='ocrx_word' id='word_1_145' title='bbox 615 2805 707 2857; x_wconf 87' lang='lat' dir='ltr'><strong>molles</strong></span> <span class='ocrx_word' id='word_1_146' title='bbox 724 2814 770 2857; x_wconf 79' lang='lat' dir='ltr'><strong>tua</strong></span> <span class='ocrx_word' id='word_1_147' title='bbox 787 2805 892 2858; x_wconf 89' lang='lat' dir='ltr'><strong>nomina</strong></span> <span class='ocrx_word' id='word_1_148' title='bbox 910 2817 1025 2871; x_wconf 83' lang='lat' dir='ltr'><strong>servant,</strong></span> 
     </span>
     <span class='ocr_line' id='line_1_22' title="bbox 420 2899 1070 2970; baseline 0.002 -17"><span class='ocrx_word' id='word_1_149' title='bbox 420 2899 504 2966; x_wconf 84' lang='lat' dir='ltr'><strong>Quam</strong></span> <span class='ocrx_word' id='word_1_150' title='bbox 521 2900 586 2953; x_wconf 88' lang='lat' dir='ltr'><strong>bene</strong></span> <span class='ocrx_word' id='word_1_151' title='bbox 604 2900 752 2954; x_wconf 88' lang='lat' dir='ltr'><strong>nominibus</strong></span> <span class='ocrx_word' id='word_1_152' title='bbox 769 2902 874 2954; x_wconf 91' lang='lat' dir='ltr'><strong>nomina</strong></span> <span class='ocrx_word' id='word_1_153' title='bbox 889 2904 978 2970; x_wconf 87' lang='lat' dir='ltr'><strong>juncta</strong></span> <span class='ocrx_word' id='word_1_154' title='bbox 996 2903 1070 2956; x_wconf 86' lang='lat' dir='ltr'><strong>meis!</strong></span> 
     </span>
    </p>

    <p class='ocr_par' dir='ltr' id='par_1_8' title="bbox 383 2994 1056 3141">
     <span class='ocr_line' id='line_1_23' title="bbox 383 2994 1056 3068; baseline 0.004 -22"><span class='ocrx_word' id='word_1_155' title='bbox 383 2995 440 3048; x_wconf 86' lang='lat' dir='ltr'><strong>Una</strong></span> <span class='ocrx_word' id='word_1_156' title='bbox 457 2994 565 3068; x_wconf 88' lang='lat' dir='ltr'><strong>quidem</strong></span> <span class='ocrx_word' id='word_1_157' title='bbox 583 3006 643 3048; x_wconf 86' lang='lat' dir='ltr'><strong>ante</strong></span> <span class='ocrx_word' id='word_1_158' title='bbox 662 2997 724 3047; x_wconf 87' lang='lat' dir='ltr'><strong>alias</strong></span> <span class='ocrx_word' id='word_1_159' title='bbox 742 2996 819 3048; x_wconf 75' lang='lat' dir='ltr'><strong>incisi</strong></span> <span class='ocrx_word' id='word_1_160' title='bbox 837 3005 909 3066; x_wconf 90' lang='lat' dir='ltr'><strong>parte</strong></span> <span class='ocrx_word' id='word_1_161' title='bbox 927 2998 1056 3066; x_wconf 84' lang='lat' dir='ltr'><strong>superbit,</strong></span> 
     </span>
     <span class='ocr_line' id='line_1_24' title="bbox 419 3069 992 3141; baseline 0.002 -1"><span class='ocrx_word' id='word_1_162' title='bbox 419 3087 513 3141; x_wconf 85' lang='lat' dir='ltr'><strong>Crescit</strong></span> <span class='ocrx_word' id='word_1_163' title='bbox 530 3098 557 3140; x_wconf 86' lang='lat' dir='ltr'><strong>et</strong></span> <span class='ocrx_word' id='word_1_164' title='bbox 575 3090 603 3140; x_wconf 88' lang='lat' dir='ltr'><strong>in</strong></span> <span class='ocrx_word' id='word_1_165' title='bbox 621 3090 713 3140; x_wconf 85' lang='lat' dir='ltr'><strong>titulos</strong></span> <span class='ocrx_word' id='word_1_166' title='bbox 730 3089 863 3140; x_wconf 89' lang='lat' dir='ltr'><strong>ambitiosa</strong></span> <span class='ocrx_word' id='word_1_167' title='bbox 881 3069 961 3141; x_wconf 83' lang='lat' dir='ltr'><strong>meos.</strong></span> <span class='ocrx_word' id='word_1_168' title='bbox 981 3090 992 3124; x_wconf 78' lang='lat'><strong>⁸</strong></span> 
     </span>
    </p>
   </div>
   <div class='ocr_carea' id='block_1_8' title="bbox 242 3257 445 3271">
    <p class='ocr_par' dir='ltr' id='par_1_9' title="bbox 242 3257 445 3271">
     <span class='ocr_line' id='line_1_25' title="bbox 242 3257 445 3271; baseline 0 -3"><span class='ocrx_word' id='word_1_169' title='bbox 242 3257 445 3271; x_wconf 54' lang='grc' dir='ltr'>...ρος-ιι-</span> 
     </span>
    </p>
   </div>
   <div class='ocr_carea' id='block_1_9' title="bbox 279 3361 1229 3712">
    <p class='ocr_par' dir='ltr' id='par_1_10' title="bbox 279 3361 1229 3712">
     <span class='ocr_line' id='line_1_26' title="bbox 279 3361 1229 3434; baseline 0.006 -22"><span class='ocrx_word' id='word_1_170' title='bbox 279 3361 289 3394; x_wconf 90' lang='lat'>¹</span> <span class='ocrx_word' id='word_1_171' title='bbox 307 3363 352 3412; x_wconf 83' lang='lat' dir='ltr'><strong>Hic</strong></span> <span class='ocrx_word' id='word_1_172' title='bbox 369 3364 438 3411; x_wconf 86' lang='lat' dir='ltr'><strong>locus</strong></span> <span class='ocrx_word' id='word_1_173' title='bbox 455 3361 581 3412; x_wconf 76' lang='lat' dir='ltr'><strong>manifesto</strong></span> <span class='ocrx_word' id='word_1_174' title='bbox 598 3366 773 3413; x_wconf 85' lang='lat' dir='ltr'><strong>obversabatur</strong></span> <span class='ocrx_word' id='word_1_175' title='bbox 791 3366 933 3428; x_wconf 83' lang='lat' dir='ltr'><strong>Calpumio‚</strong></span> <span class='ocrx_word' id='word_1_176' title='bbox 954 3367 1005 3416; x_wconf 84' lang='lat' dir='ltr'><strong>Ecl.</strong></span> <span class='ocrx_word' id='word_1_177' title='bbox 1023 3367 1058 3416; x_wconf 84' lang='lat' dir='ltr'><strong>lx</strong></span> <span class='ocrx_word' id='word_1_178' title='bbox 1074 3383 1099 3418; x_wconf 89' lang='lat' dir='ltr'><strong>r.</strong></span> <span class='ocrx_word' id='word_1_179' title='bbox 1113 3369 1156 3418; x_wconf 74' lang='lat'><strong>2¹1.</strong></span> <span class='ocrx_word' id='word_1_180' title='bbox 1170 3385 1229 3434; x_wconf 86' lang='lat' dir='ltr'><strong>sqq:</strong></span> 
     </span>
     <span class='ocr_line' id='line_1_27' title="bbox 420 3458 999 3520; baseline 0.007 -14"><span class='ocrx_word' id='word_1_181' title='bbox 420 3458 531 3517; x_wconf 83' lang='lat' dir='ltr'><strong>Interea,</strong></span> <span class='ocrx_word' id='word_1_182' title='bbox 550 3461 767 3520; x_wconf 85' lang='lat' dir='ltr'><strong>tamquamnostri</strong></span> <span class='ocrx_word' id='word_1_183' title='bbox 786 3460 892 3509; x_wconf 86' lang='lat' dir='ltr'><strong>solamen</strong></span> <span class='ocrx_word' id='word_1_184' title='bbox 911 3463 999 3510; x_wconf 87' lang='lat' dir='ltr'><strong>amoris</strong></span> 
     </span>
     <span class='ocr_line' id='line_1_28' title="bbox 419 3552 1096 3618; baseline 0.007 -17"><span class='ocrx_word' id='word_1_185' title='bbox 419 3555 471 3602; x_wconf 87' lang='lat' dir='ltr'><strong>Hoc</strong></span> <span class='ocrx_word' id='word_1_186' title='bbox 489 3552 564 3611; x_wconf 80' lang='lat' dir='ltr'><strong>soret,</strong></span> <span class='ocrx_word' id='word_1_187' title='bbox 584 3561 625 3602; x_wconf 87' lang='lat' dir='ltr'><strong>aut</strong></span> <span class='ocrx_word' id='word_1_188' title='bbox 643 3563 723 3618; x_wconf 83' lang='lat' dir='ltr'><strong>posset</strong></span> <span class='ocrx_word' id='word_1_189' title='bbox 739 3555 834 3605; x_wconf 86' lang='lat' dir='ltr'><strong>rabidos</strong></span> <span class='ocrx_word' id='word_1_190' title='bbox 851 3557 972 3606; x_wconf 85' lang='lat' dir='ltr'><strong>medicare</strong></span> <span class='ocrx_word' id='word_1_191' title='bbox 990 3555 1096 3615; x_wconf 79' lang='lat' dir='ltr'><strong>furores,</strong></span> 
     </span>
     <span class='ocr_line' id='line_1_29' title="bbox 420 3647 1043 3712; baseline 0.01 -18"><span class='ocrx_word' id='word_1_192' title='bbox 420 3647 492 3695; x_wconf 88' lang='lat' dir='ltr'><strong>Nulla</strong></span> <span class='ocrx_word' id='word_1_193' title='bbox 509 3661 578 3696; x_wconf 89' lang='lat' dir='ltr'><strong>meae</strong></span> <span class='ocrx_word' id='word_1_194' title='bbox 597 3650 664 3697; x_wconf 85' lang='lat' dir='ltr'><strong>trinis</strong></span> <span class='ocrx_word' id='word_1_195' title='bbox 682 3650 812 3711; x_wconf 77' lang='lat' dir='ltr'><strong>tetigerunt</strong></span> <span class='ocrx_word' id='word_1_196' title='bbox 830 3653 937 3712; x_wconf 79' lang='lat' dir='ltr'><strong>gramina</strong></span> <span class='ocrx_word' id='word_1_197' title='bbox 956 3665 1043 3700; x_wconf 77' lang='lat' dir='ltr'><strong>vaccae</strong></span> 
     </span>
    </p>
   </div>
   <div class='ocr_carea' id='block_1_10' title="bbox 421 3751 550 3801">
    <p class='ocr_par' dir='ltr' id='par_1_11' title="bbox 421 3751 550 3801">
     <span class='ocr_line' id='line_1_30' title="bbox 421 3751 550 3801; baseline 0.023 -3"><span class='ocrx_word' id='word_1_198' title='bbox 421 3751 550 3801; x_wconf 81' lang='lat' dir='ltr'><strong>Luciferis.</strong></span> 
     </span>
    </p>
   </div>
   <div class='ocr_carea' id='block_1_11' title="bbox 240 3849 1261 4214">
    <p class='ocr_par' dir='ltr' id='par_1_12' title="bbox 240 3849 1261 4214">
     <span class='ocr_line' id='line_1_31' title="bbox 278 3849 1261 3924; baseline 0.009 -22"><span class='ocrx_word' id='word_1_199' title='bbox 278 3849 289 3882; x_wconf 80' lang='lat'><strong>¹</strong></span> <span class='ocrx_word' id='word_1_200' title='bbox 309 3852 420 3904; x_wconf 84' lang='lat' dir='ltr'><strong>Ovidium</strong></span> <span class='ocrx_word' id='word_1_201' title='bbox 437 3856 497 3905; x_wconf 92' lang='lat' dir='ltr'><strong>baec</strong></span> <span class='ocrx_word' id='word_1_202' title='bbox 509 3869 524 3904; x_wconf 88' lang='lat' dir='ltr'><strong>a</strong></span> <span class='ocrx_word' id='word_1_203' title='bbox 536 3856 633 3918; x_wconf 80' lang='lat' dir='ltr'><strong>Virgilio</strong></span> <span class='ocrx_word' id='word_1_204' title='bbox 651 3855 779 3918; x_wconf 82' lang='lat' dir='ltr'><strong>sumsisse,</strong></span> <span class='ocrx_word' id='word_1_205' title='bbox 797 3861 890 3922; x_wconf 83' lang='lat' dir='ltr'><strong>putarit</strong></span> <span class='ocrx_word' id='word_1_206' title='bbox 908 3863 982 3910; x_wconf 86' lang='lat' dir='ltr'><strong>etiam</strong></span> <span class='ocrx_word' id='word_1_207' title='bbox 1000 3863 1153 3924; x_wconf 86' lang='lat' dir='ltr'><strong>Dempsterus</strong></span> <span class='ocrx_word' id='word_1_208' title='bbox 1171 3861 1201 3911; x_wconf 88' lang='lat' dir='ltr'><strong>ad</strong></span> <span class='ocrx_word' id='word_1_209' title='bbox 1217 3863 1261 3912; x_wconf 83' lang='lat' dir='ltr'><strong>Ro·</strong></span> 
     </span>
     <span class='ocr_line' id='line_1_32' title="bbox 243 3948 1261 4009; baseline 0.009 -11"><span class='ocrx_word' id='word_1_210' title='bbox 243 3949 289 3998; x_wconf 87' lang='lat' dir='ltr'><strong>sini</strong></span> <span class='ocrx_word' id='word_1_211' title='bbox 305 3948 371 3998; x_wconf 73' lang='lat' dir='ltr'><strong>butt.</strong></span> <span class='ocrx_word' id='word_1_212' title='bbox 390 3949 412 4009; x_wconf 88' lang='lat'><strong>1,</strong></span> <span class='ocrx_word' id='word_1_213' title='bbox 427 3951 473 3998; x_wconf 80' lang='lat'><strong>11:</strong></span> <span class='ocrx_word' id='word_1_214' title='bbox 487 3951 530 4002; x_wconf 89' lang='lat' dir='ltr'><strong>nbi</strong></span> <span class='ocrx_word' id='word_1_215' title='bbox 547 3954 623 4002; x_wconf 87' lang='lat' dir='ltr'><strong>multa</strong></span> <span class='ocrx_word' id='word_1_216' title='bbox 641 3953 672 4002; x_wconf 88' lang='lat' dir='ltr'><strong>de</strong></span> <span class='ocrx_word' id='word_1_217' title='bbox 683 3969 750 4004; x_wconf 88' lang='lat' dir='ltr'><strong>more</strong></span> <span class='ocrx_word' id='word_1_218' title='bbox 769 3964 878 4006; x_wconf 86' lang='lat' dir='ltr'><strong>veterum</strong></span> <span class='ocrx_word' id='word_1_219' title='bbox 895 3958 921 4005; x_wconf 85' lang='lat' dir='ltr'><strong>in</strong></span> <span class='ocrx_word' id='word_1_220' title='bbox 938 3959 1065 4007; x_wconf 87' lang='lat' dir='ltr'><strong>arboribus</strong></span> <span class='ocrx_word' id='word_1_221' title='bbox 1083 3959 1202 4007; x_wconf 87' lang='lat' dir='ltr'><strong>scribendi</strong></span> <span class='ocrx_word' id='word_1_222' title='bbox 1215 3961 1261 4008; x_wconf 85' lang='lat' dir='ltr'><strong>col·</strong></span> 
     </span>
     <span class='ocr_line' id='line_1_33' title="bbox 240 4042 1260 4114; baseline 0.012 -24"><span class='ocrx_word' id='word_1_223' title='bbox 240 4042 312 4102; x_wconf 73' lang='lat' dir='ltr'><strong>legit,</strong></span> <span class='ocrx_word' id='word_1_224' title='bbox 331 4052 356 4092; x_wconf 86' lang='lat' dir='ltr'><strong>et</strong></span> <span class='ocrx_word' id='word_1_225' title='bbox 374 4057 471 4094; x_wconf 85' lang='lat' dir='ltr'><strong>carmen</strong></span> <span class='ocrx_word' id='word_1_226' title='bbox 491 4045 576 4095; x_wconf 83' lang='lat' dir='ltr'><strong>Floridi</strong></span> <span class='ocrx_word' id='word_1_227' title='bbox 596 4055 719 4110; x_wconf 80' lang='lat' dir='ltr'><strong>tamquam</strong></span> <span class='ocrx_word' id='word_1_228' title='bbox 740 4051 865 4112; x_wconf 81' lang='lat' dir='ltr'><strong>antiquum</strong></span> <span class='ocrx_word' id='word_1_229' title='bbox 883 4058 907 4099; x_wconf 86' lang='lat' dir='ltr'><strong>et</strong></span> <span class='ocrx_word' id='word_1_230' title='bbox 926 4051 1127 4114; x_wconf 77' lang='lat' dir='ltr'><strong>elegantissimum</strong></span> <span class='ocrx_word' id='word_1_231' title='bbox 1145 4055 1260 4103; x_wconf 86' lang='lat' dir='ltr'><strong>celebrat.</strong></span> 
     </span>
     <span class='ocr_line' id='line_1_34' title="bbox 277 4129 1259 4214; baseline 0.016 -31"><span class='ocrx_word' id='word_1_232' title='bbox 277 4129 452 4198; x_wconf 59' lang='lat' dir='ltr'><strong>&#39;Videantun</strong></span> <span class='ocrx_word' id='word_1_233' title='bbox 479 4153 541 4200; x_wconf 88' lang='lat' dir='ltr'><strong>quae</strong></span> <span class='ocrx_word' id='word_1_234' title='bbox 561 4141 590 4192; x_wconf 85' lang='lat' dir='ltr'><strong>do</strong></span> <span class='ocrx_word' id='word_1_235' title='bbox 608 4144 780 4214; x_wconf 78' lang='lat' dir='ltr'><strong>consuetudine</strong></span> <span class='ocrx_word' id='word_1_236' title='bbox 805 4153 912 4194; x_wconf 83' lang='lat' dir='ltr'><strong>veterum</strong></span> <span class='ocrx_word' id='word_1_237' title='bbox 936 4160 1023 4196; x_wconf 86' lang='lat' dir='ltr'><strong>nomen</strong></span> <span class='ocrx_word' id='word_1_238' title='bbox 1048 4155 1142 4196; x_wconf 85' lang='lat' dir='ltr'><strong>amatae</strong></span> <span class='ocrx_word' id='word_1_239' title='bbox 1166 4148 1259 4209; x_wconf 76' lang='lat' dir='ltr'><strong>puellae</strong></span> 
     </span>
    </p>
   </div>
   <div class='ocr_carea' id='block_1_12' title="bbox 996 4407 1010 4434">
    <p class='ocr_par' dir='ltr' id='par_1_13' title="bbox 996 4407 1010 4434">
     <span class='ocr_line' id='line_1_35' title="bbox 996 4407 1010 4434; baseline 0 0"><span class='ocrx_word' id='word_1_240' title='bbox 996 4407 1010 4434; x_wconf 63' lang='grc' dir='ltr'>Ο</span> 
     </span>
    </p>
   </div>
   <div class='ocr_carea' id='block_1_13' title="bbox 0 0 1400 5116">
    <p class='ocr_par' dir='ltr' id='par_1_14' title="bbox 0 0 1400 5116">
     <span class='ocr_line' id='line_1_36' title="bbox 0 0 1400 5116; baseline 0 4"><span class='ocrx_word' id='word_1_241' title='bbox 0 0 1400 5116; x_wconf 95' lang='lat' dir='ltr'><strong> </strong></span> 
     </span>
    </p>
   </div>
  </div>
 </body>
</html>
