2790 5116
360 1159 759 1255 PRAEFATIO.

478 1467 639 1495 ...α’-ἐ

49 1710 119 1792 Est
137 1735 182 1792 hic
207 1743 340 1813 egregius
362 1755 421 1790 mos
437 1753 555 1810 eorum,
568 1741 618 1806 qui
641 1739 670 1788 in
691 1747 787 1790 nostra
805 1739 903 1807 patria
920 1734 1076 1807 Spetimine

52 1839 153 1894 edendo
167 1843 338 1896 Doctoratus
356 1839 471 1896 honores
486 1844 515 1894 in
532 1841 680 1915 disciplina
697 1843 794 1914 aliqua
806 1851 928 1914 petunt,
946 1840 1023 1913 quod
1033 1858 1075 1892 so-

49 1944 107 1998 lem
129 1951 159 1999 iu
182 1949 279 2000 limiae
301 1945 427 2017 opusculi
454 1957 569 2018 gratum
594 1951 717 2001 animum
741 1947 837 2018 palam
857 1945 986 2018 profiteri
1006 1963 1077 2019 ergo

46 2063 253 2122 praeceptores,
269 2067 339 2122 quos
356 2049 396 2104 ad
409 2049 483 2104 iilius
495 2049 659 2123 disciplinae
669 2051 765 2106 studia
780 2051 865 2105 duces
878 2050 1077 2123 adjutoresque

49 2148 217 2208 habueruut.
240 2153 286 2208 Ae
302 2150 387 2226 saepe
405 2152 534 2208 videmus
551 2167 672 2222 exteros,
689 2155 839 2228 siquando
855 2158 884 2209 iu
901 2155 1011 2208 Diariis
1027 2157 1078 2209 Li-

52 2259 164 2312 terariis
178 2258 318 2327 judicium
332 2252 432 2329 serant
452 2257 487 2312 de
506 2257 685 2314 Academicis
710 2255 952 2314 dissertationibus
971 2272 1079 2313 nostra·

51 2370 135 2436 tium,
161 2382 216 2418 non
243 2368 303 2420 sine
323 2359 522 2435 approbatione
544 2374 574 2418 ei
595 2353 723 2419 laudibus
743 2383 896 2418 memorare
919 2369 976 2418 isto
1002 2368 1078 2418 testi-

51 2458 141 2526 monia
161 2473 241 2544 grati
263 2485 333 2542 erga
358 2463 510 2540 magistros
535 2471 633 2524 animi.
670 2468 731 2538 Quo
758 2473 850 2542 magis
874 2466 946 2522 hanc
961 2472 1079 2541 patriae

47 2579 202 2642 juventutis
211 2572 324 2628 laudem
338 2575 412 2624 omni
427 2577 534 2626 ratione
543 2571 707 2626 seruandam
717 2576 860 2626 existimo:
875 2585 905 2626 et
920 2576 980 2644 ipse
988 2572 1079 2640 officio

52 2697 110 2734 meo
131 2698 175 2735 me
191 2672 316 2750 defuisse
326 2687 442 2748 putem,
465 2680 520 2732 nisi
537 2693 589 2750 ego
606 2695 734 2750 quoque,
751 2675 824 2732 hunc
838 2695 941 2731 morem
963 2689 1076 2742 tenens,

56 2785 129 2838 Viris
147 2783 337 2848 clarissimis,
357 2799 427 2853 quos
441 2787 470 2834 in
487 2793 615 2834 veterum
632 2783 778 2837 literarum
798 2782 926 2836 doctrina
946 2800 1081 2856 praecep·

54 2898 124 2942 tores
141 2885 247 2954 habui,
272 2888 384 2960 gratias
405 2903 443 2938 ea
461 2888 554 2945 animo
571 2889 686 2958 egerim.

91 2993 139 3046 Ea
153 2987 273 3056 duobus,
298 3007 368 3062 quos
390 2986 568 3044 Athenaeum
589 2989 848 3047 Amstelodamertse
863 2992 1010 3045 literarum
1027 3009 1082 3046 ve-

54 3108 142 3151 terum
159 3090 337 3168 Professores
356 3091 456 3161 habet,
479 3095 554 3148 alter
579 3095 634 3148 Vir
657 3093 702 3151 et.
727 3110 873 3153 insuetos
895 3101 1082 3173 praecipuam

53 3204 163 3276 quidem
176 3204 362 3258 institutionis
372 3212 484 3274 partem
498 3201 565 3254 Viro
575 3200 620 3258 Gt.
635 3217 769 3259 nossem
782 3207 876 3270 cessim
890 3204 942 3258 sed
953 3222 1006 3277 ego
1019 3223 1082 3258 eum

53 3310 116 3362 aliis
131 3317 269 3381 expertus
287 3323 364 3372 sum,
386 3322 449 3358 eum
469 3303 688 3380 haudquaquam
707 3317 796 3362 totum
814 3307 865 3364 hoc
883 3327 983 3363 munus
999 3306 1084 3364 abdi-

54 3431 142 3478 casse,
156 3427 258 3466 verum
275 3413 303 3464 in
313 3410 472 3464 erudiendis
484 3409 627 3466 Athenaei
639 3413 760 3466 alumnis
773 3417 932 3468 etiamnunc
950 3432 1005 3468 non
1024 3419 1083 3468 eei·

54 3535 140 3591 guam
158 3531 271 3589 operam
289 3532 440 3586 curamque
454 3512 597 3571 collocare.
622 3517 699 3571 Nam
717 3533 780 3570 eum
800 3517 911 3584 audivi,
933 3535 996 3572 cum
1014 3519 1084 3572 alios

54 3626 215 3695 scriptores,
233 3630 292 3675 tum
301 3623 456 3696 praecipue
464 3623 567 3692 poetas
578 3621 693 3674 Latinos
707 3623 749 3674 ita
765 3622 968 3694 explicantem,
987 3621 1084 3676 uidu-

57 3722 140 3780 bitem
159 3737 254 3779 utrum
270 3723 425 3794 jucundior
444 3741 481 3778 on
498 3724 595 3777 utilior
608 3722 677 3778 haec
692 3701 762 3778 mihi
776 3729 915 3780 institutio
930 3729 1084 3783 exstiterit.

58 3831 141 3902 Quod
161 3835 186 3886 si
205 3833 269 3903 quis
285 3827 481 3894 nihilominus,
504 3845 558 3881 nou
581 3837 640 3882 tam
658 3829 707 3882 illa
724 3829 962 3896 animadvertens,
983 3827 1085 3902 quibus

57 3943 219 3990 etiamnunc
235 3933 377 3992 studiosae
389 3936 534 4002 juventuti
547 3933 687 3986 consulere
695 3938 803 4006 pergit,
817 3952 914 4007 quam,
933 3936 1010 4008 quod
1019 3955 1086 3992 non-

57 4045 150 4098 nullas
168 4045 291 4098 muneris
304 4054 404 4114 partes
424 4045 575 4096 successori
594 4041 820 4110 demandaverit,
842 4045 941 4104 Virum
957 4051 1086 4120 praecla-

58 4153 215 4214 rissimum,
238 4159 374 4219 quantum
390 4147 430 4200 ad
444 4148 590 4202 literarum
606 4147 781 4218 disciplinam
791 4147 926 4222 pertinet,
944 4149 1031 4208 otiari
1042 4173 1085 4207 or·
1125 4155 1127 4158 ’
