2790 5116
556 376 729 444 ...93-

148 551 215 620 De
244 551 369 645 templis
394 553 546 624 libanius
573 558 607 624 in
629 555 816 626 Antiochico
841 582 874 650 p.
903 560 978 626 356.
1002 557 1053 625 A:
1095 557 1147 624 καὶ

92 663 228 755 γᾶρτδ
243 675 382 738 πλεῖστον
395 662 751 757 ἦντῆςπόλεωςὲντοῖς
764 671 979 761 &primorem
991 668 1145 741 αὖτδκοσ-

91 779 164 860 μὸς
196 808 235 851 τε
259 781 410 876 opi-nilis
433 781 639 874 nepotari,
658 790 811 856 vereor
833 783 1042 876 τᾶᾰνακτορό.
1080 786 1144 869 Qu

93 888 206 960 locus
226 892 323 984 plane
349 897 497 966 convenit
512 920 588 964 cum
615 895 718 966 verbis
739 899 874 966 Minucii
890 895 1002 965 Felicis
1025 898 1060 965 in
1078 896 1145 965 Oo-

93 1007 222 1074 tavio:
269 1008 425 1078 »Intende
454 1007 578 1098 templis
596 1033 634 1078 ec
663 1007 803 1078 delubris
833 1012 992 1093 Deorum,
1025 1008 1144 1101 quibus

94 1142 113 1180 n
121 1117 286 1187 Romana
308 1123 415 1188 civitas
435 1139 466 1188 et
481 1123 655 1215 protegitur
677 1139 709 1188 et
727 1123 893 1188 ornatur.''

147 1231 308 1323 Denique
336 1232 392 1300 illa
418 1234 515 1325 hujus
540 1233 706 1304 locutionis
726 1233 827 1303 forma
849 1237 1052 1304 memoranda
1075 1255 1141 1317 cst,

95 1366 175 1432 qua
200 1343 325 1436 aliquid
352 1370 414 1422 esse
439 1347 554 1415 dicitur
585 1348 679 1415 dcem
706 1355 741 1415 in
764 1371 863 1436 paee,
888 1349 1088 1437 praesidium
1107 1359 1142 1415 in

97 1455 215 1523 hello:
241 1459 280 1525 de
303 1482 368 1549 qua
389 1459 544 1527 videndus
566 1460 651 1526 idem
678 1461 830 1549 interpres
853 1461 893 1526 ad
914 1459 1030 1553 Virgil.
1054 1461 1138 1530 Aen.

96 1569 183 1652 XI,
220 1572 297 1638 658.
344 1572 395 1639 Sic
426 1572 535 1639 Cicero
561 1573 651 1640 Orat.
671 1573 714 1639 11.
744 1589 845 1639 contr.
867 1570 1001 1639 Rullum
1025 1596 1054 1638 c.
1074 1575 1137 1641 99:

99 1686 221 1772 »pacis
237 1702 460 1752 ornamentum
469 1735 479 1767 ,
496 1686 671 1754 nebridium
687 1683 802 1752 belli.'’
824 1686 933 1766 Idem,
945 1683 1081 1753 Verrius
1091 1685 1138 1765 V,

99 1817 133 1860 c.
171 1797 236 1861 47:
277 1822 318 1863 na
339 1796 431 1892 nobis
454 1801 560 1865 omnia
586 1797 711 1890 Populo
729 1799 769 1865 R.
792 1821 914 1888 semper
930 1813 962 1863 et
981 1795 1061 1865 belli
1079 1797 1139 1863 ad·

102 1910 278 1996 »jumenta
295 1929 326 1977 ct
349 1913 432 2000 pacis
451 1930 636 1978 ornamenta
655 1912 829 1978 ministrate
848 1910 956 1978 sunt.’'
989 1909 1139 2000 Vegetius

102 2019 150 2086 de
168 2020 431 2108 Mulomedicina,
452 2027 486 2092 in
502 2024 625 2092 Praei:
655 2027 718 2092 »ln
736 2027 825 2117 equis
844 2025 929 2092 enim
947 2046 983 2091 ac
997 2021 1093 2091 mulis
1107 2039 1139 2088 et

104 2135 317 2226 »adjumenta
345 2135 424 2205 belli
445 2156 476 2204 et
505 2140 588 2229 pacis
614 2154 798 2206 ornamenta
822 2137 949 2204 sumt.”'
983 2135 1138 2226 Josephus

104 2245 266 2315 botulus:

219 2448 271 2472 2-
288 2422 360 2496 quod
377 2424 461 2478 Marte
478 2426 570 2493 juvat,
588 2422 659 2490 quod
675 2441 737 2493 pace
755 2422 910 2478 decorum.'’
926 2451 958 2464 --

568 2606 683 2625 *-

542 2771 623 2836 GAP.
642 2771 709 2834 XII.

156 2924 195 2989 In
216 2924 450 3015 Epigrammata
467 2923 673 2989 Anacreontis
696 2924 828 2989 dicitur:

284 3085 361 3152 ’Ἄρης
378 3086 422 3138 οὐκ
439 3087 539 3152 ἀγαθῶν
556 3083 670 3152 pellem
688 3085 758 3139 ἀλλὺ
776 3089 865 3136 κακῶν.

109 3251 262 3318 Paritera
285 3253 428 3319 Minucio
449 3252 553 3321 Felice
571 3256 605 3319 in
620 3253 769 3322 Octavio:
793 3275 890 3318 scum
919 3249 998 3319 belli
1022 3251 1134 3320 ardore

112 3367 284 3449 ›rsacvitum
314 3364 457 3432 meliores
483 3367 588 3455 potius
607 3365 834 3458 occumbere·‚”
864 3388 962 3455 quem
993 3367 1133 3434 imitatur

110 3476 288 3544 Incmntius
309 3479 410 3545 Instit.
434 3481 501 3559 ΠΙ,
527 3480 587 3560 17,
612 3481 652 3545 8:
678 3481 734 3544 »in
758 3475 851 3544 bellis
869 3479 974 3566 potius
988 3475 1133 3545 meliores
1189 3463 1191 3470 Ι

112 3607 163 3654 ret
184 3590 268 3668 vinci
289 3609 320 3656 et
343 3593 477 3680 perire.’'
500 3592 595 3675 Quod
623 3594 767 3682 quamvis
799 3615 838 3656 ex
857 3592 997 3682 ipsarum
1025 3613 1133 3656 rerum

111 3704 230 3768 ratione
263 3701 349 3770 ultro
380 3693 547 3796 sequatur,
579 3729 656 3772 cum
686 3703 787 3772 timidi
805 3721 837 3770 et
858 3705 964 3796 ignavi
992 3703 1027 3768 iu
1044 3699 1132 3770 ballo

112 3812 250 3900 pericula
283 3817 400 3884 vitent:
434 3817 604 3888 adhibetur
627 3835 732 3886 tamen
754 3816 798 3886 ab
818 3813 1000 3890 nucerinus
1022 3815 1130 3903 impie,

113 3942 148 3991 ut
172 3927 254 3992 Deos
282 3946 338 3995 aut
367 3954 433 3996 non
460 3954 569 3998 curare
594 3946 652 3996 ant
671 3928 756 3996 male
781 3951 893 3996 muare
910 3949 960 3998 tes
976 3926 1133 3994 humanas

114 4055 295 4128 querantur.
343 4043 390 4108 Ita
415 4045 510 4112 mam
528 4044 563 4114 iu
578 4037 743 4132 Sophoclis
763 4037 898 4110 Philoot.
916 4063 949 4106 v.
970 4039 1036 4110 136
1056 4063 1133 4112 con—

114 4153 255 4240 queritur
273 4147 514 4244 Neoptolemus:
