2790 5116
716 399 887 462 „48-

288 594 417 650 rtietmm
437 584 550 649 hebere
568 585 761 649 decreverat.
810 581 1046 646 Lindemannus
1065 581 1141 647 dicit
1161 561 1192 646 se
1214 584 1316 650 dubi-

287 715 370 777 tare,
401 696 565 786 quomodo
577 697 778 788 corrigendus
795 697 844 760 sit.
889 693 972 759 Mihi
990 696 1032 759 ita
1050 693 1201 786 legendus
1222 697 1317 762 vide-

287 827 357 874 tur:
387 811 583 875 Multitudine·
606 810 793 898 obsequens,
818 831 911 897 quam
937 808 1037 872 colere
1060 808 1253 896 plurimum,
1280 825 1316 874 ut

287 945 361 986 moe·
394 931 507 1010 cupitis
534 911 707 987 ministrem
734 921 877 1002 heberet,
901 921 1089 985 decreverat.
1138 919 1187 986 Sic
1208 924 1335 989 Tacit.-

287 1033 374 1098 Ann.
401 1033 468 1114 IV,
493 1037 528 1100 3:
552 1049 691 1122 nepotes
709 1034 811 1097 adulti
831 1035 950 1097 risorem
984 1040 1097 1119 cupitis
1119 1033 1316 1118 efferebant:

287 1164 318 1212 et
338 1146 390 1212 alii
408 1149 529 1236 passim.
777 1140 779 1144 ’

331 1256 459 1323 Addam
483 1259 551 1338 his,
582 1276 743 1348 tamquam
775 1260 981 1346 epimetrum‚
1008 1255 1258 1324 observationem
1283 1262 1317 1324 in

287 1369 394 1446 locum
415 1345 574 1450 Terentii,
600 1370 642 1436 ab
664 1369 820 1436 Arusiano
841 1363 989 1435 citatum:

216 1553 220 1566 ¹
332 1508 365 1573 p.
390 1484 465 1548 910.
498 1485 531 1548 in
554 1485 705 1548 Amicus:
726 1485 858 1547 Amicus
879 1484 976 1548 illius.
1030 1480 1154 1548 Terent.
1180 1483 1326 1562 Phorm„
1380 1525 1381 1528 =

287 1597 418 1660 Amicus
438 1619 575 1660 summus
592 1603 654 1660 mei
667 1609 698 1660 et
705 1595 873 1684 populeris
889 1595 979 1661 Geta.
1015 1596 1072 1660 Fet
1088 1619 1126 1659 ex
1143 1596 1209 1683 ipso
1226 1597 1317 1660 initio

288 1706 506 1787 Phormionis,
525 1706 583 1773 ubi
598 1705 715 1798 legitur
731 1731 827 1771 meus.
859 1707 899 1771 In
914 1705 1069 1772 Arusiano
1085 1731 1194 1772 omnes
1209 1706 1312 1773 Codd.

288 1819 408 1886 habent
430 1830 491 1884 mei
495 1843 508 1902 ‚·
531 1837 562 1883 et
584 1819 618 1883 in
637 1818 716 1884 Cod.
734 1817 822 1883 Gud.
844 1816 925 1883 insra
941 1805 1089 1884 etiamad
1104 1817 1317 1885 elocutionem

293 1931 447 1998 Cultorem
466 1931 503 2020 (f.
526 1931 648 2032 Cultor)
666 1939 728 2009 sui,
745 1955 778 2019 p.
798 1932 864 1996 920
878 1932 912 1994 in
926 1933 1067 2021 margine
1080 1933 1234 2019 scriptum
1249 1949 1312 1996 est:

289 2046 344 2109 Sic
364 2069 463 2133 supra
489 2046 615 2108 Terent.
628 2033 758 2108 'amicus
774 2053 845 2107 mei.
880 2043 1059 2109 Bondamus
1077 2042 1210 2132 putabat
1229 2042 1317 2108 Aru·

289 2159 411 2221 sianum
430 2158 473 2220 ita
493 2156 526 2219 in
548 2153 663 2220 Codice
679 2179 735 2220 suo
753 2157 923 2236 invenisse,
944 2173 999 2220 aut
1014 2154 1094 2221 sorte
1111 2154 1237 2244 lapsum
1255 2179 1316 2220 esse

289 2272 449 2335 memoria.
482 2269 653 2334 Memoriae
677 2265 739 2333 illis
762 2267 902 2357 lapsibus
926 2269 1101 2334 videndum
1124 2287 1168 2335 est
1196 2295 1239 2336 ne
1266 2272 1316 2335 ni·

288 2387 391 2449 mium
406 2383 592 2449 tribuamus.
626 2382 877 2468 Grammaticus,
894 2400 991 2473 puto,
1012 2382 1074 2449 tale
1090 2408 1169 2472 opus
1191 2408 1260 2449 non
1278 2409 1315 2448 ex

289 2501 439 2564 memoria
467 2496 669 2564 conficiebat:
697 2498 750 2562 sed
766 2521 804 2561 ex
821 2497 980 2563 codicibus
1000 2499 1062 2562 suis
1082 2495 1226 2586 exempla
1250 2495 1314 2562 elo-

290 2613 454 2700 cutionum
472 2608 667 2698 excerpebat.
701 2610 760 2674 Hic
777 2608 872 2698 plane
891 2608 970 2676 secio
987 2633 1062 2674 cum
1075 2610 1312 2676 Lindemanno:

290 2726 346 2814 qui
367 2740 469 2789 censet
488 2725 530 2787 ita
548 2725 584 2787 in
602 2721 758 2787 Arusiano
779 2738 939 2787 mutatum
962 2746 1023 2787 esse
1041 2721 1082 2787 ab
1098 2721 1261 2788 eruditulo
1278 2721 1315 2786 li-

290 2838 412 2916 brario,
435 2821 491 2927 qui
509 2837 550 2902 ad
568 2834 805 2927 significandam
825 2834 964 2900 Genitivi
986 2852 1176 2900 structuram
1197 2859 1315 2924 posses-

289 2954 393 3018 sivum
410 2951 509 3017 sacere
526 2974 592 3016 non
609 2966 745 3038 putaret.
781 2946 903 3014 Similes
920 2947 981 3014 loci
994 2965 1068 3014 sunt
1087 2947 1185 3014 infra:
1202 2949 1317 3013 Frater

291 3066 385 3129 illius.
418 3065 509 3153 Virg.
537 3066 620 3128 Aen.
644 3063 687 3130 V.
713 3064 816 3146 Tuus,
834 3087 853 3125 o
871 3062 1061 3140 charissime,
1075 3062 1206 3151 frater,
1230 3063 1315 3125 Pert-

291 3179 378 3241 dere.
417 3179 532 3242 Frater
544 3177 603 3240 illi.
623 3193 681 3240 etc.
700 3174 757 3238 ubi
774 3175 890 3260 pariter
903 3175 1147 3239 constructiones
1164 3197 1240 3238 cum
1253 3172 1315 3238 Ge-

263 3373 266 3380 ·
291 3290 391 3354 nitivo
418 3306 449 3352 et
475 3289 588 3353 Dativo
611 3291 800 3376 junguntur.
824 3287 900 3350 item
919 3310 952 3374 p.
976 3288 1059 3352 233:
1083 3289 1191 3351 Hostis
1215 3287 1312 3350 illius.

295 3403 385 3491 Virg.
407 3403 492 3465 Aen.
516 3399 593 3466 VII.
626 3400 709 3463 Hinc
728 3402 996 3487 Agamemnonius
1023 3400 1153 3488 Trojanz'
1183 3405 1316 3462 nominis

293 3516 402 3582 hostis.
451 3515 559 3578 Hostis
579 3513 651 3578 illis.
674 3528 733 3577 etc.
757 3511 815 3576 ubi
834 3509 935 3577 illud:
961 3513 1070 3577 Hostis
1086 3512 1186 3590 illius,
1203 3534 1315 3600 quem-

205 3648 207 3652 ·
293 3628 466 3695 admodum
487 3623 645 3716 supplevit
664 3625 806 3705 Gudius,
831 3623 932 3690 Codd.
958 3625 1068 3690 Leidd.
1093 3622 1292 3690 confirmant.

735 3901 881 3928 n*—
