<?xml version="1.0" encoding="UTF-8"?>
<!DOCTYPE html PUBLIC "-//W3C//DTD XHTML 1.0 Transitional//EN"
    "http://www.w3.org/TR/xhtml1/DTD/xhtml1-transitional.dtd">
<html xmlns="http://www.w3.org/1999/xhtml" xml:lang="en" lang="en">
 <head>
  <title>
</title>
<meta http-equiv="Content-Type" content="text/html;charset=utf-8" />
  <meta name='ocr-system' content='tesseract 3.04.00' />
  <meta name='ocr-capabilities' content='ocr_page ocr_carea ocr_par ocr_line ocrx_word'/>
</head>
<body>
  <div class='ocr_page' id='page_1' title='image "./denonnullisloci00hoevgoog_0019.png"; bbox 0 0 2790 5116; ppageno 0'>
   <div class='ocr_carea' id='block_1_1' title="bbox 733 424 885 490">
    <p class='ocr_par' dir='ltr' id='par_1_1' title="bbox 733 424 885 490">
     <span class='ocr_line' id='line_1_1' title="bbox 733 424 885 490; baseline 0 -16"><span class='ocrx_word' id='word_1_1' title='bbox 733 424 885 490; x_wconf 77' lang='grc'>..6.-</span> 
     </span>
    </p>
   </div>
   <div class='ocr_carea' id='block_1_2' title="bbox 293 605 1313 2164">
    <p class='ocr_par' dir='ltr' id='par_1_2' title="bbox 293 605 1313 2164">
     <span class='ocr_line' id='line_1_2' title="bbox 298 605 1311 701; baseline -0.002 -25"><span class='ocrx_word' id='word_1_2' title='bbox 298 612 338 676; x_wconf 92' lang='lat' dir='ltr'><strong>In</strong></span> <span class='ocrx_word' id='word_1_3' title='bbox 364 609 480 701; x_wconf 88' lang='lat' dir='ltr'><strong>quibus</strong></span> <span class='ocrx_word' id='word_1_4' title='bbox 500 607 640 676; x_wconf 82' lang='lat' dir='ltr'><strong>versibus</strong></span> <span class='ocrx_word' id='word_1_5' title='bbox 664 631 722 696; x_wconf 90' lang='lat' dir='ltr'><strong>pro</strong></span> <span class='ocrx_word' id='word_1_6' title='bbox 752 607 868 674; x_wconf 74' lang='lat' dir='ltr'><strong>Cortice·</strong></span> <span class='ocrx_word' id='word_1_7' title='bbox 890 625 1028 674; x_wconf 81' lang='lat' dir='ltr'><strong>turtmae</strong></span> <span class='ocrx_word' id='word_1_8' title='bbox 1055 616 1161 674; x_wconf 77' lang='lat' dir='ltr'><strong>notaui</strong></span> <span class='ocrx_word' id='word_1_9' title='bbox 1184 605 1311 675; x_wconf 80' lang='lat' dir='ltr'>libenter</span> 
     </span>
     <span class='ocr_line' id='line_1_3' title="bbox 298 717 1311 814; baseline 0.002 -28"><span class='ocrx_word' id='word_1_10' title='bbox 298 720 445 814; x_wconf 75' lang='lat' dir='ltr'><strong>legerim:</strong></span> <span class='ocrx_word' id='word_1_11' title='bbox 462 722 584 788; x_wconf 83' lang='lat' dir='ltr'><strong>Cortice</strong></span> <span class='ocrx_word' id='word_1_12' title='bbox 595 729 872 788; x_wconf 69' lang='lat' dir='ltr'><strong>insummanotaot</strong></span> <span class='ocrx_word' id='word_1_13' title='bbox 882 721 918 802; x_wconf 84' lang='lat'><strong>¹;</strong></span> <span class='ocrx_word' id='word_1_14' title='bbox 934 717 1046 786; x_wconf 79' lang='lat' dir='ltr'><strong>ultima</strong></span> <span class='ocrx_word' id='word_1_15' title='bbox 1058 736 1165 786; x_wconf 79' lang='lat' dir='ltr'><strong>sutem</strong></span> <span class='ocrx_word' id='word_1_16' title='bbox 1175 719 1247 786; x_wconf 85' lang='lat' dir='ltr'><strong>illa:</strong></span> <span class='ocrx_word' id='word_1_17' title='bbox 1265 745 1311 788; x_wconf 83' lang='lat' dir='ltr'><strong>ro·</strong></span> 
     </span>
     <span class='ocr_line' id='line_1_4' title="bbox 296 831 1311 924; baseline -0.002 -22"><span class='ocrx_word' id='word_1_18' title='bbox 296 856 366 902; x_wconf 82' lang='lat' dir='ltr'><strong>mut</strong></span> <span class='ocrx_word' id='word_1_19' title='bbox 385 835 491 924; x_wconf 77' lang='lat' dir='ltr'><strong>implet</strong></span> <span class='ocrx_word' id='word_1_20' title='bbox 511 835 637 913; x_wconf 72' lang='lat' dir='ltr'><strong>literar,</strong></span> <span class='ocrx_word' id='word_1_21' title='bbox 661 833 740 923; x_wconf 89' lang='lat' dir='ltr'><strong>quid</strong></span> <span class='ocrx_word' id='word_1_22' title='bbox 758 831 947 924; x_wconf 83' lang='lat' dir='ltr'><strong>significent,</strong></span> <span class='ocrx_word' id='word_1_23' title='bbox 965 857 1017 898; x_wconf 87' lang='lat' dir='ltr'><strong>me</strong></span> <span class='ocrx_word' id='word_1_24' title='bbox 1036 857 1162 922; x_wconf 87' lang='lat' dir='ltr'><strong>prorsus</strong></span> <span class='ocrx_word' id='word_1_25' title='bbox 1180 855 1247 900; x_wconf 90' lang='lat' dir='ltr'><strong>non</strong></span> <span class='ocrx_word' id='word_1_26' title='bbox 1266 837 1311 900; x_wconf 88' lang='lat' dir='ltr'><strong>in·</strong></span> 
     </span>
     <span class='ocr_line' id='line_1_5' title="bbox 297 942 1311 1036; baseline 0.002 -26"><span class='ocrx_word' id='word_1_27' title='bbox 297 943 437 1036; x_wconf 83' lang='lat' dir='ltr'><strong>telligere</strong></span> <span class='ocrx_word' id='word_1_28' title='bbox 450 943 558 1012; x_wconf 82' lang='lat' dir='ltr'><strong>fateor.</strong></span> <span class='ocrx_word' id='word_1_29' title='bbox 570 945 638 996; x_wconf 81' lang='lat'><strong>²-</strong></span> <span class='ocrx_word' id='word_1_30' title='bbox 651 943 736 1035; x_wconf 73' lang='lat' dir='ltr'><strong>Ergo</strong></span> <span class='ocrx_word' id='word_1_31' title='bbox 750 947 813 1034; x_wconf 78' lang='lat' dir='ltr'><strong>jam</strong></span> <span class='ocrx_word' id='word_1_32' title='bbox 822 942 917 1010; x_wconf 89' lang='lat' dir='ltr'><strong>multi</strong></span> <span class='ocrx_word' id='word_1_33' title='bbox 931 961 1074 1010; x_wconf 85' lang='lat' dir='ltr'><strong>veterum</strong></span> <span class='ocrx_word' id='word_1_34' title='bbox 1082 943 1209 1036; x_wconf 72' lang='lat' dir='ltr'><strong>Virgilii</strong></span> <span class='ocrx_word' id='word_1_35' title='bbox 1222 945 1311 1012; x_wconf 82' lang='lat' dir='ltr'><strong>verba</strong></span> 
     </span>
     <span class='ocr_line' id='line_1_6' title="bbox 296 1054 1309 1124; baseline 0.002 -4"><span class='ocrx_word' id='word_1_36' title='bbox 296 1067 440 1124; x_wconf 61' lang='lat' dir='ltr'><strong>erescere</strong></span> <span class='ocrx_word' id='word_1_37' title='bbox 456 1061 595 1124; x_wconf 83' lang='lat' dir='ltr'><strong>amores!</strong></span> <span class='ocrx_word' id='word_1_38' title='bbox 613 1058 652 1123; x_wconf 88' lang='lat' dir='ltr'><strong>de</strong></span> <span class='ocrx_word' id='word_1_39' title='bbox 665 1073 819 1124; x_wconf 76' lang='lat' dir='ltr'><strong>crescente</strong></span> <span class='ocrx_word' id='word_1_40' title='bbox 839 1057 935 1122; x_wconf 88' lang='lat' dir='ltr'><strong>animi</strong></span> <span class='ocrx_word' id='word_1_41' title='bbox 951 1054 1067 1122; x_wconf 80' lang='lat' dir='ltr'><strong>affectu</strong></span> <span class='ocrx_word' id='word_1_42' title='bbox 1080 1054 1309 1122; x_wconf 80' lang='lat' dir='ltr'><strong>intellexerunt.</strong></span> 
     </span>
     <span class='ocr_line' id='line_1_7' title="bbox 297 1167 1311 1257; baseline -0.003 -20"><span class='ocrx_word' id='word_1_43' title='bbox 297 1169 438 1251; x_wconf 88' lang='lat' dir='ltr'><strong>Verum,</strong></span> <span class='ocrx_word' id='word_1_44' title='bbox 458 1171 492 1236; x_wconf 88' lang='lat' dir='ltr'><strong>ni</strong></span> <span class='ocrx_word' id='word_1_45' title='bbox 509 1168 612 1250; x_wconf 78' lang='lat' dir='ltr'><strong>fallor,</strong></span> <span class='ocrx_word' id='word_1_46' title='bbox 633 1169 710 1236; x_wconf 75' lang='lat' dir='ltr'><strong>haec</strong></span> <span class='ocrx_word' id='word_1_47' title='bbox 729 1171 942 1257; x_wconf 79' lang='lat' dir='ltr'><strong>interpretatio</strong></span> <span class='ocrx_word' id='word_1_48' title='bbox 962 1167 1091 1257; x_wconf 84' lang='lat' dir='ltr'><strong>probari</strong></span> <span class='ocrx_word' id='word_1_49' title='bbox 1109 1167 1201 1236; x_wconf 88' lang='lat' dir='ltr'><strong>nullo</strong></span> <span class='ocrx_word' id='word_1_50' title='bbox 1223 1171 1311 1236; x_wconf 91' lang='lat' dir='ltr'><strong>modo</strong></span> 
     </span>
     <span class='ocr_line' id='line_1_8' title="bbox 296 1281 1311 1372; baseline 0.001 -25"><span class='ocrx_word' id='word_1_51' title='bbox 296 1298 407 1369; x_wconf 85' lang='lat' dir='ltr'><strong>potest.</strong></span> <span class='ocrx_word' id='word_1_52' title='bbox 432 1281 517 1350; x_wconf 87' lang='lat' dir='ltr'><strong>Nam</strong></span> <span class='ocrx_word' id='word_1_53' title='bbox 536 1284 676 1372; x_wconf 88' lang='lat' dir='ltr'><strong>primum</strong></span> <span class='ocrx_word' id='word_1_54' title='bbox 698 1282 823 1350; x_wconf 77' lang='lat' dir='ltr'><strong>videtur</strong></span> <span class='ocrx_word' id='word_1_55' title='bbox 848 1283 900 1348; x_wconf 85' lang='lat' dir='ltr'><strong>vix</strong></span> <span class='ocrx_word' id='word_1_56' title='bbox 922 1281 1044 1347; x_wconf 88' lang='lat' dir='ltr'><strong>admitti</strong></span> <span class='ocrx_word' id='word_1_57' title='bbox 1065 1305 1170 1370; x_wconf 86' lang='lat' dir='ltr'><strong>posse,</strong></span> <span class='ocrx_word' id='word_1_58' title='bbox 1194 1306 1311 1348; x_wconf 73' lang='lat' dir='ltr'><strong>ornum</strong></span> 
     </span>
     <span class='ocr_line' id='line_1_9' title="bbox 296 1391 1311 1486; baseline 0.002 -28"><span class='ocrx_word' id='word_1_59' title='bbox 296 1391 331 1458; x_wconf 85' lang='lat' dir='ltr'><strong>h.</strong></span> <span class='ocrx_word' id='word_1_60' title='bbox 357 1391 381 1460; x_wconf 91' lang='lat' dir='ltr'><strong>l.</strong></span> <span class='ocrx_word' id='word_1_61' title='bbox 401 1393 551 1460; x_wconf 77' lang='lat' dir='ltr'><strong>allectum</strong></span> <span class='ocrx_word' id='word_1_62' title='bbox 570 1396 667 1460; x_wconf 88' lang='lat' dir='ltr'><strong>animi</strong></span> <span class='ocrx_word' id='word_1_63' title='bbox 689 1393 875 1486; x_wconf 78' lang='lat' dir='ltr'><strong>significare:</strong></span> <span class='ocrx_word' id='word_1_64' title='bbox 897 1418 971 1460; x_wconf 88' lang='lat' dir='ltr'><strong>cum</strong></span> <span class='ocrx_word' id='word_1_65' title='bbox 992 1412 1097 1460; x_wconf 85' lang='lat' dir='ltr'><strong>tamen</strong></span> <span class='ocrx_word' id='word_1_66' title='bbox 1122 1395 1311 1483; x_wconf 81' lang='lat' dir='ltr'><strong>praecedenti</strong></span> 
     </span>
     <span class='ocr_line' id='line_1_10' title="bbox 296 1505 1312 1598; baseline 0.005 -28"><span class='ocrx_word' id='word_1_67' title='bbox 296 1529 410 1588; x_wconf 83' lang='lat' dir='ltr'><strong>versu,</strong></span> <span class='ocrx_word' id='word_1_68' title='bbox 436 1531 575 1598; x_wconf 89' lang='lat' dir='ltr'><strong>quocum</strong></span> <span class='ocrx_word' id='word_1_69' title='bbox 600 1508 678 1574; x_wconf 80' lang='lat' dir='ltr'><strong>haec</strong></span> <span class='ocrx_word' id='word_1_70' title='bbox 702 1507 799 1574; x_wconf 75' lang='lat' dir='ltr'><strong>verba</strong></span> <span class='ocrx_word' id='word_1_71' title='bbox 825 1525 909 1574; x_wconf 75' lang='lat' dir='ltr'><strong>arcte</strong></span> <span class='ocrx_word' id='word_1_72' title='bbox 934 1507 1102 1576; x_wconf 81' lang='lat' dir='ltr'><strong>cohaerent</strong></span> <span class='ocrx_word' id='word_1_73' title='bbox 1126 1525 1157 1573; x_wconf 92' lang='lat' dir='ltr'><strong>et</strong></span> <span class='ocrx_word' id='word_1_74' title='bbox 1184 1505 1312 1575; x_wconf 87' lang='lat' dir='ltr'><strong>alterum</strong></span> 
     </span>
     <span class='ocr_line' id='line_1_11' title="bbox 296 1619 1312 1709; baseline 0.003 -26"><span class='ocrx_word' id='word_1_75' title='bbox 296 1621 384 1709; x_wconf 86' lang='lat' dir='ltr'><strong>quasi</strong></span> <span class='ocrx_word' id='word_1_76' title='bbox 406 1620 545 1709; x_wconf 84' lang='lat' dir='ltr'><strong>ejusdem</strong></span> <span class='ocrx_word' id='word_1_77' title='bbox 564 1621 733 1686; x_wconf 83' lang='lat' dir='ltr'><strong>sententiae</strong></span> <span class='ocrx_word' id='word_1_78' title='bbox 756 1619 939 1686; x_wconf 83' lang='lat' dir='ltr'><strong>membrum</strong></span> <span class='ocrx_word' id='word_1_79' title='bbox 962 1619 1099 1702; x_wconf 82' lang='lat' dir='ltr'><strong>faciunt,</strong></span> <span class='ocrx_word' id='word_1_80' title='bbox 1122 1621 1234 1688; x_wconf 85' lang='lat' dir='ltr'><strong>eadem</strong></span> <span class='ocrx_word' id='word_1_81' title='bbox 1257 1645 1312 1688; x_wconf 80' lang='lat' dir='ltr'><strong>ror</strong></span> 
     </span>
     <span class='ocr_line' id='line_1_12' title="bbox 295 1729 1313 1821; baseline 0.002 -25"><span class='ocrx_word' id='word_1_82' title='bbox 295 1755 417 1797; x_wconf 80' lang='lat' dir='ltr'><strong>amores</strong></span> <span class='ocrx_word' id='word_1_83' title='bbox 430 1755 497 1797; x_wconf 91' lang='lat' dir='ltr'><strong>non</strong></span> <span class='ocrx_word' id='word_1_84' title='bbox 511 1735 604 1821; x_wconf 85' lang='lat' dir='ltr'><strong>possit</strong></span> <span class='ocrx_word' id='word_1_85' title='bbox 617 1733 677 1797; x_wconf 91' lang='lat' dir='ltr'><strong>nisi</strong></span> <span class='ocrx_word' id='word_1_86' title='bbox 699 1731 739 1798; x_wconf 88' lang='lat' dir='ltr'><strong>de</strong></span> <span class='ocrx_word' id='word_1_87' title='bbox 758 1733 886 1798; x_wconf 87' lang='lat' dir='ltr'><strong>nomine</strong></span> <span class='ocrx_word' id='word_1_88' title='bbox 900 1729 1025 1820; x_wconf 86' lang='lat' dir='ltr'><strong>puellae</strong></span> <span class='ocrx_word' id='word_1_89' title='bbox 1039 1749 1158 1798; x_wconf 78' lang='lat' dir='ltr'><strong>amatae</strong></span> <span class='ocrx_word' id='word_1_90' title='bbox 1172 1735 1260 1821; x_wconf 85' lang='lat' dir='ltr'><strong>cepi,</strong></span> <span class='ocrx_word' id='word_1_91' title='bbox 1282 1751 1313 1800; x_wconf 92' lang='lat' dir='ltr'><strong>ut</strong></span> 
     </span>
     <span class='ocr_line' id='line_1_13' title="bbox 293 1843 1312 1936; baseline 0.002 -28"><span class='ocrx_word' id='word_1_92' title='bbox 293 1844 513 1933; x_wconf 80' lang='lat' dir='ltr'><strong>interpretatus</strong></span> <span class='ocrx_word' id='word_1_93' title='bbox 522 1847 617 1910; x_wconf 89' lang='lat' dir='ltr'><strong>etiam</strong></span> <span class='ocrx_word' id='word_1_94' title='bbox 627 1861 672 1910; x_wconf 88' lang='lat' dir='ltr'><strong>est</strong></span> <span class='ocrx_word' id='word_1_95' title='bbox 686 1846 751 1933; x_wconf 85' lang='lat' dir='ltr'><strong>ipse</strong></span> <span class='ocrx_word' id='word_1_96' title='bbox 768 1843 916 1912; x_wconf 82' lang='lat' dir='ltr'><strong>Vossius:</strong></span> <span class='ocrx_word' id='word_1_97' title='bbox 939 1845 997 1936; x_wconf 87' lang='lat' dir='ltr'><strong>qui</strong></span> <span class='ocrx_word' id='word_1_98' title='bbox 1011 1845 1144 1934; x_wconf 83' lang='lat' dir='ltr'><strong>proinde</strong></span> <span class='ocrx_word' id='word_1_99' title='bbox 1158 1845 1312 1935; x_wconf 89' lang='lat' dir='ltr'><strong>quomodo</strong></span> 
     </span>
     <span class='ocr_line' id='line_1_14' title="bbox 294 1955 1313 2048; baseline 0.001 -27"><span class='ocrx_word' id='word_1_100' title='bbox 294 1958 431 2043; x_wconf 89' lang='lat' dir='ltr'><strong>potuerit</strong></span> <span class='ocrx_word' id='word_1_101' title='bbox 445 1957 547 2024; x_wconf 84' lang='lat' dir='ltr'><strong>dicere</strong></span> <span class='ocrx_word' id='word_1_102' title='bbox 566 1957 650 2022; x_wconf 87' lang='lat' dir='ltr'><strong>hano</strong></span> <span class='ocrx_word' id='word_1_103' title='bbox 668 1955 923 2048; x_wconf 82' lang='lat' dir='ltr'><strong>significationem</strong></span> <span class='ocrx_word' id='word_1_104' title='bbox 944 1959 1051 2024; x_wconf 85' lang='lat' dir='ltr'><strong>minus&#39;</strong></span> <span class='ocrx_word' id='word_1_105' title='bbox 1071 1979 1171 2048; x_wconf 86' lang='lat' dir='ltr'><strong>quam</strong></span> <span class='ocrx_word' id='word_1_106' title='bbox 1189 1955 1313 2023; x_wconf 82' lang='lat' dir='ltr'><strong>alteram</strong></span> 
     </span>
     <span class='ocr_line' id='line_1_15' title="bbox 294 2068 1310 2164; baseline 0.002 -28"><span class='ocrx_word' id='word_1_107' title='bbox 294 2091 369 2136; x_wconf 86' lang='lat' dir='ltr'><strong>cum</strong></span> <span class='ocrx_word' id='word_1_108' title='bbox 379 2068 555 2160; x_wconf 76' lang='lat' dir='ltr'><strong>virgiliano</strong></span> <span class='ocrx_word' id='word_1_109' title='bbox 562 2068 715 2160; x_wconf 79' lang='lat' dir='ltr'><strong>loquendi</strong></span> <span class='ocrx_word' id='word_1_110' title='bbox 723 2093 783 2138; x_wconf 88' lang='lat' dir='ltr'><strong>usu</strong></span> <span class='ocrx_word' id='word_1_111' title='bbox 793 2093 982 2162; x_wconf 81' lang='lat' dir='ltr'><strong>congruere,</strong></span> <span class='ocrx_word' id='word_1_112' title='bbox 1000 2095 1068 2138; x_wconf 87' lang='lat' dir='ltr'><strong>non</strong></span> <span class='ocrx_word' id='word_1_113' title='bbox 1078 2073 1149 2138; x_wconf 81' lang='lat' dir='ltr'><strong>satis</strong></span> <span class='ocrx_word' id='word_1_114' title='bbox 1160 2071 1310 2164; x_wconf 81' lang='lat' dir='ltr'><strong>intelligo.</strong></span> 
     </span>
    </p>
   </div>
   <div class='ocr_carea' id='block_1_3' title="bbox 226 2323 1359 4281">
    <p class='ocr_par' dir='ltr' id='par_1_3' title="bbox 226 2323 1359 4281">
     <span class='ocr_line' id='line_1_16' title="bbox 328 2323 1313 2394; baseline 0.001 -16"><span class='ocrx_word' id='word_1_115' title='bbox 328 2323 339 2358; x_wconf 85' lang='lat'>¹</span> <span class='ocrx_word' id='word_1_116' title='bbox 357 2327 396 2378; x_wconf 80' lang='lat' dir='ltr'><strong>sic</strong></span> <span class='ocrx_word' id='word_1_117' title='bbox 413 2327 498 2391; x_wconf 64' lang='lat' dir='ltr'><strong>virgil.</strong></span> <span class='ocrx_word' id='word_1_118' title='bbox 517 2327 570 2379; x_wconf 76' lang='lat' dir='ltr'><strong>Eoi.</strong></span> <span class='ocrx_word' id='word_1_119' title='bbox 590 2331 616 2380; x_wconf 82' lang='lat' dir='ltr'><strong>t.</strong></span> <span class='ocrx_word' id='word_1_120' title='bbox 632 2343 657 2378; x_wconf 82' lang='lat' dir='ltr'><strong>r.</strong></span> <span class='ocrx_word' id='word_1_121' title='bbox 673 2329 717 2380; x_wconf 71' lang='lat'><strong>13:</strong></span> <span class='ocrx_word' id='word_1_122' title='bbox 739 2327 831 2378; x_wconf 84' lang='lat' dir='ltr'><strong>»lmno</strong></span> <span class='ocrx_word' id='word_1_123' title='bbox 848 2329 917 2388; x_wconf 79' lang='lat' dir='ltr'><strong>haee,</strong></span> <span class='ocrx_word' id='word_1_124' title='bbox 932 2329 963 2390; x_wconf 82' lang='lat' dir='ltr'><strong>in¹</strong></span> <span class='ocrx_word' id='word_1_125' title='bbox 972 2329 1041 2380; x_wconf 84' lang='lat' dir='ltr'><strong>viridi</strong></span> <span class='ocrx_word' id='word_1_126' title='bbox 1057 2341 1137 2394; x_wconf 81' lang='lat' dir='ltr'><strong>nuper</strong></span> <span class='ocrx_word' id='word_1_127' title='bbox 1150 2343 1214 2393; x_wconf 77' lang='lat' dir='ltr'><strong>quae</strong></span> <span class='ocrx_word' id='word_1_128' title='bbox 1227 2329 1313 2381; x_wconf 81' lang='lat' dir='ltr'><strong>cortice</strong></span> 
     </span>
     <span class='ocr_line' id='line_1_17' title="bbox 294 2421 1312 2490; baseline 0.006 -22"><span class='ocrx_word' id='word_1_129' title='bbox 294 2421 357 2484; x_wconf 57' lang='lat' dir='ltr'><strong>sirm</strong></span> <span class='ocrx_word' id='word_1_130' title='bbox 369 2424 479 2474; x_wconf 76' lang='lat' dir='ltr'><strong>Carmina</strong></span> <span class='ocrx_word' id='word_1_131' title='bbox 493 2425 609 2486; x_wconf 82' lang='lat' dir='ltr'><strong>descripsi</strong></span> <span class='ocrx_word' id='word_1_132' title='bbox 623 2432 648 2474; x_wconf 89' lang='lat' dir='ltr'><strong>et</strong></span> <span class='ocrx_word' id='word_1_133' title='bbox 662 2423 789 2477; x_wconf 84' lang='lat' dir='ltr'><strong>modulans</strong></span> <span class='ocrx_word' id='word_1_134' title='bbox 797 2425 891 2476; x_wconf 78' lang='lat' dir='ltr'><strong>alterna</strong></span> <span class='ocrx_word' id='word_1_135' title='bbox 904 2426 1019 2485; x_wconf 81' lang='lat' dir='ltr'><strong>noteri;’&#39;</strong></span> <span class='ocrx_word' id='word_1_136' title='bbox 1028 2427 1092 2478; x_wconf 84' lang='lat' dir='ltr'><strong>unde</strong></span> <span class='ocrx_word' id='word_1_137' title='bbox 1104 2426 1220 2490; x_wconf 80' lang='lat' dir='ltr'><strong>Galpurn.</strong></span> <span class='ocrx_word' id='word_1_138' title='bbox 1234 2427 1256 2476; x_wconf 92' lang='lat'><strong>1.</strong></span> <span class='ocrx_word' id='word_1_139' title='bbox 1268 2428 1312 2475; x_wconf 74' lang='lat' dir='ltr'><strong>itt:</strong></span> 
     </span>
     <span class='ocr_line' id='line_1_18' title="bbox 296 2517 1315 2584; baseline 0.004 -18"><span class='ocrx_word' id='word_1_140' title='bbox 296 2517 361 2568; x_wconf 80' lang='lat' dir='ltr'><strong>»sed</strong></span> <span class='ocrx_word' id='word_1_141' title='bbox 382 2531 503 2580; x_wconf 85' lang='lat' dir='ltr'><strong>quaenam</strong></span> <span class='ocrx_word' id='word_1_142' title='bbox 521 2532 590 2568; x_wconf 83' lang='lat' dir='ltr'><strong>saera</strong></span> <span class='ocrx_word' id='word_1_143' title='bbox 606 2520 725 2582; x_wconf 81' lang='lat' dir='ltr'><strong>descripta</strong></span> <span class='ocrx_word' id='word_1_144' title='bbox 743 2528 781 2568; x_wconf 86' lang='lat' dir='ltr'><strong>est</strong></span> <span class='ocrx_word' id='word_1_145' title='bbox 799 2520 886 2582; x_wconf 70' lang='lat' dir='ltr'><strong>pagina</strong></span> <span class='ocrx_word' id='word_1_146' title='bbox 899 2519 963 2582; x_wconf 71' lang='lat' dir='ltr'><strong>lego,</strong></span> <span class='ocrx_word' id='word_1_147' title='bbox 982 2521 1061 2578; x_wconf 79' lang='lat' dir='ltr'><strong>Quam</strong></span> <span class='ocrx_word' id='word_1_148' title='bbox 1077 2523 1148 2571; x_wconf 85' lang='lat' dir='ltr'><strong>modo</strong></span> <span class='ocrx_word' id='word_1_149' title='bbox 1164 2521 1247 2572; x_wconf 83' lang='lat' dir='ltr'><strong>nescio</strong></span> <span class='ocrx_word' id='word_1_150' title='bbox 1266 2522 1315 2584; x_wconf 84' lang='lat' dir='ltr'><strong>quis</strong></span> 
     </span>
     <span class='ocr_line' id='line_1_19' title="bbox 294 2613 1314 2676; baseline 0.007 -20"><span class='ocrx_word' id='word_1_151' title='bbox 294 2613 450 2674; x_wconf 66' lang='lat' dir='ltr'><strong>‚properanti</strong></span> <span class='ocrx_word' id='word_1_152' title='bbox 465 2613 526 2662; x_wconf 86' lang='lat' dir='ltr'><strong>laloe</strong></span> <span class='ocrx_word' id='word_1_153' title='bbox 541 2614 663 2661; x_wconf 81' lang='lat' dir='ltr'><strong>notavit.”</strong></span> <span class='ocrx_word' id='word_1_154' title='bbox 681 2613 788 2662; x_wconf 83' lang='lat' dir='ltr'><strong>Verbum</strong></span> <span class='ocrx_word' id='word_1_155' title='bbox 800 2623 881 2662; x_wconf 84' lang='lat' dir='ltr'><strong>notare</strong></span> <span class='ocrx_word' id='word_1_156' title='bbox 896 2615 1019 2664; x_wconf 84' lang='lat' dir='ltr'><strong>inhaere</strong></span> <span class='ocrx_word' id='word_1_157' title='bbox 1035 2615 1149 2676; x_wconf 76' lang='lat' dir='ltr'><strong>frequens</strong></span> <span class='ocrx_word' id='word_1_158' title='bbox 1163 2624 1208 2666; x_wconf 86' lang='lat' dir='ltr'><strong>est.</strong></span> <span class='ocrx_word' id='word_1_159' title='bbox 1227 2616 1314 2666; x_wconf 85' lang='lat' dir='ltr'><strong>lterum</strong></span> 
     </span>
     <span class='ocr_line' id='line_1_20' title="bbox 275 2679 1315 2768; baseline 0.003 -14"><span class='ocrx_word' id='word_1_160' title='bbox 275 2679 408 2768; x_wconf 44' lang='lat' dir='ltr'><strong>&#39;Calpum</strong></span> <span class='ocrx_word' id='word_1_161' title='bbox 423 2705 474 2764; x_wconf 88' lang='lat'>111,</span> <span class='ocrx_word' id='word_1_162' title='bbox 488 2707 535 2754; x_wconf 69' lang='lat' dir='ltr'><strong>lt:</strong></span> <span class='ocrx_word' id='word_1_163' title='bbox 554 2707 647 2755; x_wconf 76' lang='lat' dir='ltr'><strong>»cerasi</strong></span> <span class='ocrx_word' id='word_1_164' title='bbox 665 2714 707 2754; x_wconf 89' lang='lat' dir='ltr'><strong>tua</strong></span> <span class='ocrx_word' id='word_1_165' title='bbox 728 2708 818 2756; x_wconf 84' lang='lat' dir='ltr'><strong>cortice</strong></span> <span class='ocrx_word' id='word_1_166' title='bbox 836 2709 911 2758; x_wconf 84' lang='lat' dir='ltr'><strong>verba</strong></span> <span class='ocrx_word' id='word_1_167' title='bbox 926 2709 1043 2758; x_wconf 80' lang='lat' dir='ltr'><strong>notabo.”</strong></span> <span class='ocrx_word' id='word_1_168' title='bbox 1061 2709 1176 2767; x_wconf 83' lang='lat' dir='ltr'><strong>Ovidius,</strong></span> <span class='ocrx_word' id='word_1_169' title='bbox 1195 2710 1248 2759; x_wconf 84' lang='lat' dir='ltr'><strong>loco</strong></span> <span class='ocrx_word' id='word_1_170' title='bbox 1264 2723 1315 2760; x_wconf 87' lang='lat' dir='ltr'><strong>mox</strong></span> 
     </span>
     <span class='ocr_line' id='line_1_21' title="bbox 291 2797 1314 2864; baseline 0.003 -15"><span class='ocrx_word' id='word_1_171' title='bbox 291 2797 402 2850; x_wconf 84' lang='lat' dir='ltr'><strong>citando:</strong></span> <span class='ocrx_word' id='word_1_172' title='bbox 420 2797 532 2849; x_wconf 71' lang='lat' dir='ltr'><strong>&#39;sincisae</strong></span> <span class='ocrx_word' id='word_1_173' title='bbox 551 2808 647 2849; x_wconf 85' lang='lat' dir='ltr'><strong>servant</strong></span> <span class='ocrx_word' id='word_1_174' title='bbox 664 2811 677 2850; x_wconf 82' lang='lat' dir='ltr'><strong>t</strong></span> <span class='ocrx_word' id='word_1_175' title='bbox 694 2807 719 2848; x_wconf 85' lang='lat' dir='ltr'><strong>te</strong></span> <span class='ocrx_word' id='word_1_176' title='bbox 740 2813 794 2849; x_wconf 89' lang='lat' dir='ltr'><strong>mea</strong></span> <span class='ocrx_word' id='word_1_177' title='bbox 814 2801 909 2850; x_wconf 88' lang='lat' dir='ltr'><strong>nomina</strong></span> <span class='ocrx_word' id='word_1_178' title='bbox 928 2800 990 2861; x_wconf 72' lang='lat' dir='ltr'><strong>irgi3</strong></span> <span class='ocrx_word' id='word_1_179' title='bbox 1013 2801 1042 2850; x_wconf 82' lang='lat' dir='ltr'><strong>lit</strong></span> <span class='ocrx_word' id='word_1_180' title='bbox 1056 2803 1124 2864; x_wconf 71' lang='lat' dir='ltr'><strong>legor</strong></span> <span class='ocrx_word' id='word_1_181' title='bbox 1139 2801 1238 2854; x_wconf 88' lang='lat' dir='ltr'><strong>Oenone</strong></span> <span class='ocrx_word' id='word_1_182' title='bbox 1258 2804 1314 2853; x_wconf 82' lang='lat' dir='ltr'><strong>laica</strong></span> 
     </span>
     <span class='ocr_line' id='line_1_22' title="bbox 291 2893 1314 2960; baseline 0.012 -22"><span class='ocrx_word' id='word_1_183' title='bbox 291 2897 389 2943; x_wconf 66' lang='lat' dir='ltr'><strong>enotata</strong></span> <span class='ocrx_word' id='word_1_184' title='bbox 400 2895 475 2953; x_wconf 78' lang='lat' dir='ltr'><strong>tul&#39;&#39;;</strong></span> <span class='ocrx_word' id='word_1_185' title='bbox 490 2893 532 2944; x_wconf 82' lang='lat' dir='ltr'><strong>ubi</strong></span> <span class='ocrx_word' id='word_1_186' title='bbox 541 2901 569 2942; x_wconf 85' lang='lat' dir='ltr'><strong>et</strong></span> <span class='ocrx_word' id='word_1_187' title='bbox 580 2893 677 2944; x_wconf 74' lang='lat' dir='ltr'><strong>incidere</strong></span> <span class='ocrx_word' id='word_1_188' title='bbox 692 2894 782 2953; x_wconf 82' lang='lat' dir='ltr'><strong>habes,</strong></span> <span class='ocrx_word' id='word_1_189' title='bbox 798 2903 824 2944; x_wconf 87' lang='lat' dir='ltr'><strong>ut</strong></span> <span class='ocrx_word' id='word_1_190' title='bbox 837 2893 902 2958; x_wconf 79' lang='lat' dir='ltr'><strong>apud</strong></span> <span class='ocrx_word' id='word_1_191' title='bbox 912 2893 1053 2956; x_wconf 74' lang='lat' dir='ltr'><strong>Virgilium,</strong></span> <span class='ocrx_word' id='word_1_192' title='bbox 1068 2895 1120 2946; x_wconf 72' lang='lat' dir='ltr'><strong>Eoi.</strong></span> <span class='ocrx_word' id='word_1_193' title='bbox 1135 2895 1177 2960; x_wconf 86' lang='lat' dir='ltr'><strong>x,</strong></span> <span class='ocrx_word' id='word_1_194' title='bbox 1192 2911 1216 2946; x_wconf 82' lang='lat' dir='ltr'><strong>v.</strong></span> <span class='ocrx_word' id='word_1_195' title='bbox 1234 2901 1278 2950; x_wconf 79' lang='lat' dir='ltr'><strong>ts.</strong></span> <span class='ocrx_word' id='word_1_196' title='bbox 1292 2909 1314 2950; x_wconf 86' lang='lat' dir='ltr'><strong>et</strong></span> 
     </span>
     <span class='ocr_line' id='line_1_23' title="bbox 291 2985 1315 3052; baseline 0.003 -14"><span class='ocrx_word' id='word_1_197' title='bbox 291 2989 406 3051; x_wconf 75' lang='lat' dir='ltr'><strong>Gripum.</strong></span> <span class='ocrx_word' id='word_1_198' title='bbox 426 2990 448 3048; x_wconf 75' lang='grc' dir='ltr'><strong>Ι,</strong></span> <span class='ocrx_word' id='word_1_199' title='bbox 460 2991 493 3039; x_wconf 75' lang='grc'><strong>35</strong></span> <span class='ocrx_word' id='word_1_200' title='bbox 510 2999 535 3039; x_wconf 90' lang='lat' dir='ltr'><strong>et</strong></span> <span class='ocrx_word' id='word_1_201' title='bbox 550 2989 621 3048; x_wconf 78' lang='lat' dir='ltr'><strong>llll,</strong></span> <span class='ocrx_word' id='word_1_202' title='bbox 632 2990 678 3038; x_wconf 74' lang='lat'><strong>29.</strong></span> <span class='ocrx_word' id='word_1_203' title='bbox 701 2985 737 3040; x_wconf 78' lang='lat' dir='ltr'><strong>Ex</strong></span> <span class='ocrx_word' id='word_1_204' title='bbox 756 2991 794 3040; x_wconf 79' lang='lat' dir='ltr'><strong>liis</strong></span> <span class='ocrx_word' id='word_1_205' title='bbox 813 2991 873 3039; x_wconf 83' lang='lat' dir='ltr'><strong>locis</strong></span> <span class='ocrx_word' id='word_1_206' title='bbox 892 2997 1020 3052; x_wconf 70' lang='lat' dir='ltr'><strong>preterea</strong></span> <span class='ocrx_word' id='word_1_207' title='bbox 1038 2990 1152 3040; x_wconf 79' lang='lat' dir='ltr'><strong>discimus</strong></span> <span class='ocrx_word' id='word_1_208' title='bbox 1169 2993 1274 3043; x_wconf 81' lang='lat' dir='ltr'><strong>mstioos</strong></span> <span class='ocrx_word' id='word_1_209' title='bbox 1293 2993 1315 3043; x_wconf 91' lang='lat' dir='ltr'><strong>id</strong></span> 
     </span>
     <span class='ocr_line' id='line_1_24' title="bbox 289 3086 1315 3150; baseline -0.001 -14"><span class='ocrx_word' id='word_1_210' title='bbox 289 3089 370 3136; x_wconf 82' lang='lat' dir='ltr'><strong>lacere</strong></span> <span class='ocrx_word' id='word_1_211' title='bbox 387 3086 540 3138; x_wconf 79' lang='lat' dir='ltr'><strong>consuevisse</strong></span> <span class='ocrx_word' id='word_1_212' title='bbox 560 3089 635 3146; x_wconf 66' lang='lat' dir='ltr'><strong>sous:</strong></span> <span class='ocrx_word' id='word_1_213' title='bbox 655 3095 681 3138; x_wconf 86' lang='lat' dir='ltr'><strong>et</strong></span> <span class='ocrx_word' id='word_1_214' title='bbox 694 3089 838 3150; x_wconf 84' lang='lat' dir='ltr'><strong>plerunque</strong></span> <span class='ocrx_word' id='word_1_215' title='bbox 857 3088 882 3134; x_wconf 89' lang='lat' dir='ltr'><strong>ln</strong></span> <span class='ocrx_word' id='word_1_216' title='bbox 897 3088 987 3136; x_wconf 87' lang='lat' dir='ltr'><strong>cortice</strong></span> <span class='ocrx_word' id='word_1_217' title='bbox 1003 3087 1068 3148; x_wconf 67' lang='lat' dir='ltr'><strong>suoi,</strong></span> <span class='ocrx_word' id='word_1_218' title='bbox 1082 3088 1172 3150; x_wconf 79' lang='lat' dir='ltr'><strong>quippe</strong></span> <span class='ocrx_word' id='word_1_219' title='bbox 1191 3089 1249 3139; x_wconf 85' lang='lat' dir='ltr'><strong>huie</strong></span> <span class='ocrx_word' id='word_1_220' title='bbox 1265 3090 1315 3138; x_wconf 88' lang='lat' dir='ltr'><strong>usui</strong></span> 
     </span>
     <span class='ocr_line' id='line_1_25' title="bbox 291 3179 1315 3244; baseline 0.002 -14"><span class='ocrx_word' id='word_1_221' title='bbox 291 3182 407 3243; x_wconf 89' lang='lat' dir='ltr'><strong>imprimis</strong></span> <span class='ocrx_word' id='word_1_222' title='bbox 421 3189 478 3244; x_wconf 84' lang='lat' dir='ltr'><strong>apto</strong></span> <span class='ocrx_word' id='word_1_223' title='bbox 494 3179 561 3243; x_wconf 85' lang='lat' dir='ltr'><strong>(narn</strong></span> <span class='ocrx_word' id='word_1_224' title='bbox 579 3181 659 3228; x_wconf 89' lang='lat' dir='ltr'><strong>minus</strong></span> <span class='ocrx_word' id='word_1_225' title='bbox 674 3181 737 3229; x_wconf 83' lang='lat' dir='ltr'><strong>bene</strong></span> <span class='ocrx_word' id='word_1_226' title='bbox 753 3180 784 3228; x_wconf 82' lang='lat' dir='ltr'><strong>ad</strong></span> <span class='ocrx_word' id='word_1_227' title='bbox 800 3180 861 3227; x_wconf 87' lang='lat' dir='ltr'><strong>alias</strong></span> <span class='ocrx_word' id='word_1_228' title='bbox 876 3193 961 3228; x_wconf 86' lang='lat' dir='ltr'><strong>causas</strong></span> <span class='ocrx_word' id='word_1_229' title='bbox 977 3179 1069 3230; x_wconf 78' lang='lat' dir='ltr'><strong>referre</strong></span> <span class='ocrx_word' id='word_1_230' title='bbox 1085 3182 1179 3230; x_wconf 81' lang='lat' dir='ltr'><strong>videtur</strong></span> <span class='ocrx_word' id='word_1_231' title='bbox 1189 3183 1315 3232; x_wconf 42' lang='lat' dir='ltr'><strong>*Broullru</strong></span> 
     </span>
     <span class='ocr_line' id='line_1_26' title="bbox 226 3272 1315 3336; baseline 0.006 -14"><span class='ocrx_word' id='word_1_232' title='bbox 226 3323 231 3336; x_wconf 67' lang='grc'><em>,</em></span> <span class='ocrx_word' id='word_1_233' title='bbox 292 3275 392 3324; x_wconf 84' lang='lat' dir='ltr'><strong>eiusad</strong></span> <span class='ocrx_word' id='word_1_234' title='bbox 412 3275 484 3336; x_wconf 86' lang='lat' dir='ltr'><strong>Prop.</strong></span> <span class='ocrx_word' id='word_1_235' title='bbox 508 3272 638 3336; x_wconf 55' lang='lat' dir='ltr'><strong>latro),</strong></span> <span class='ocrx_word' id='word_1_236' title='bbox 659 3273 723 3322; x_wconf 88' lang='lat' dir='ltr'><strong>unde</strong></span> <span class='ocrx_word' id='word_1_237' title='bbox 741 3281 767 3322; x_wconf 85' lang='lat' dir='ltr'><strong>et</strong></span> <span class='ocrx_word' id='word_1_238' title='bbox 783 3287 871 3322; x_wconf 88' lang='lat' dir='ltr'><strong>nomeu</strong></span> <span class='ocrx_word' id='word_1_239' title='bbox 892 3273 949 3322; x_wconf 83' lang='lat' dir='ltr'><strong>huie</strong></span> <span class='ocrx_word' id='word_1_240' title='bbox 968 3276 1047 3325; x_wconf 85' lang='lat' dir='ltr'><strong>arbori</strong></span> <span class='ocrx_word' id='word_1_241' title='bbox 1062 3277 1129 3325; x_wconf 79' lang='lat' dir='ltr'><strong>venit</strong></span> <span class='ocrx_word' id='word_1_242' title='bbox 1149 3277 1315 3328; x_wconf 80' lang='lat' dir='ltr'><strong>Germanicum</strong></span> 
     </span>
     <span class='ocr_line' id='line_1_27' title="bbox 292 3367 464 3417; baseline 0.006 -1"><span class='ocrx_word' id='word_1_243' title='bbox 292 3367 464 3417; x_wconf 72' lang='lat' dir='ltr'><strong>Budenicum.</strong></span> 
     </span>
     <span class='ocr_line' id='line_1_28' title="bbox 325 3454 1359 3530; baseline 0.007 -20"><span class='ocrx_word' id='word_1_244' title='bbox 325 3454 397 3510; x_wconf 70' lang='lat' dir='ltr'><strong>¹Vir</strong></span> <span class='ocrx_word' id='word_1_245' title='bbox 418 3462 515 3524; x_wconf 84' lang='lat' dir='ltr'><strong>qnidam</strong></span> <span class='ocrx_word' id='word_1_246' title='bbox 537 3459 701 3518; x_wconf 83' lang='lat' dir='ltr'><strong>doctissimus,</strong></span> <span class='ocrx_word' id='word_1_247' title='bbox 723 3461 762 3509; x_wconf 84' lang='lat' dir='ltr'><strong>eui</strong></span> <span class='ocrx_word' id='word_1_248' title='bbox 786 3463 845 3510; x_wconf 79' lang='lat' dir='ltr'><strong>haec</strong></span> <span class='ocrx_word' id='word_1_249' title='bbox 863 3461 965 3523; x_wconf 74' lang='lat' dir='ltr'><strong>legenda</strong></span> <span class='ocrx_word' id='word_1_250' title='bbox 988 3463 1116 3522; x_wconf 85' lang='lat' dir='ltr'><strong>dederam,</strong></span> <span class='ocrx_word' id='word_1_251' title='bbox 1136 3467 1241 3530; x_wconf 80' lang='lat' dir='ltr'><strong>conjecit</strong></span> <span class='ocrx_word' id='word_1_252' title='bbox 1261 3469 1317 3516; x_wconf 82' lang='lat' dir='ltr'><strong>reri·</strong></span> <span class='ocrx_word' id='word_1_253' title='bbox 1358 3493 1359 3504; x_wconf 75' lang='lat'><strong>.</strong></span> 
     </span>
     <span class='ocr_line' id='line_1_29' title="bbox 291 3557 1315 3624; baseline 0.005 -19"><span class='ocrx_word' id='word_1_254' title='bbox 291 3557 396 3606; x_wconf 75' lang='lat' dir='ltr'><strong>bendum</strong></span> <span class='ocrx_word' id='word_1_255' title='bbox 418 3569 487 3604; x_wconf 77' lang='lat' dir='ltr'><strong>etse:</strong></span> <span class='ocrx_word' id='word_1_256' title='bbox 511 3558 601 3604; x_wconf 69' lang='lat' dir='ltr'><strong>uriom</strong></span> <span class='ocrx_word' id='word_1_257' title='bbox 626 3557 705 3616; x_wconf 79' lang='lat' dir='ltr'><strong>implet</strong></span> <span class='ocrx_word' id='word_1_258' title='bbox 723 3557 820 3613; x_wconf 63' lang='lat' dir='ltr'><strong>lineare</strong></span> <span class='ocrx_word' id='word_1_259' title='bbox 846 3557 942 3615; x_wconf 84' lang='lat' dir='ltr'><strong>idest,</strong></span> <span class='ocrx_word' id='word_1_260' title='bbox 963 3559 1037 3606; x_wconf 73' lang='lat' dir='ltr'><strong>rrrlor</strong></span> <span class='ocrx_word' id='word_1_261' title='bbox 1059 3561 1132 3608; x_wconf 78' lang='lat' dir='ltr'><strong>animi</strong></span> <span class='ocrx_word' id='word_1_262' title='bbox 1151 3560 1202 3610; x_wconf 82' lang='lat' dir='ltr'><strong>nei</strong></span> <span class='ocrx_word' id='word_1_263' title='bbox 1218 3563 1315 3624; x_wconf 84' lang='lat' dir='ltr'><strong>implet,</strong></span> 
     </span>
     <span class='ocr_line' id='line_1_30' title="bbox 290 3631 1317 3717; baseline 0.007 -18"><span class='ocrx_word' id='word_1_264' title='bbox 290 3659 379 3714; x_wconf 68' lang='lat' dir='ltr'><strong>aequm</strong></span> <span class='ocrx_word' id='word_1_265' title='bbox 396 3631 482 3699; x_wconf 86' lang='lat' dir='ltr'><strong>literas</strong></span> <span class='ocrx_word' id='word_1_266' title='bbox 497 3657 649 3698; x_wconf 82' lang='lat' dir='ltr'><strong>crescentesr</strong></span> <span class='ocrx_word' id='word_1_267' title='bbox 670 3650 740 3698; x_wconf 87' lang='lat' dir='ltr'><strong>ardor</strong></span> <span class='ocrx_word' id='word_1_268' title='bbox 759 3651 834 3702; x_wconf 74' lang='lat' dir='ltr'><strong>animi</strong></span> <span class='ocrx_word' id='word_1_269' title='bbox 853 3666 907 3702; x_wconf 85' lang='lat' dir='ltr'><strong>cum</strong></span> <span class='ocrx_word' id='word_1_270' title='bbox 925 3652 1002 3701; x_wconf 85' lang='lat' dir='ltr'><strong>literis</strong></span> <span class='ocrx_word' id='word_1_271' title='bbox 1018 3654 1116 3702; x_wconf 85' lang='lat' dir='ltr'><strong>crescit.</strong></span> <span class='ocrx_word' id='word_1_272' title='bbox 1143 3655 1207 3704; x_wconf 89' lang='lat' dir='ltr'><strong>illud</strong></span> <span class='ocrx_word' id='word_1_273' title='bbox 1223 3657 1317 3717; x_wconf 73' lang='lat' dir='ltr'><strong>inplere</strong></span> 
     </span>
     <span class='ocr_line' id='line_1_31' title="bbox 290 3743 1315 3808; baseline 0.003 -14"><span class='ocrx_word' id='word_1_274' title='bbox 290 3747 354 3796; x_wconf 87' lang='lat' dir='ltr'><strong>idem</strong></span> <span class='ocrx_word' id='word_1_275' title='bbox 371 3759 425 3794; x_wconf 83' lang='lat' dir='ltr'><strong>esse</strong></span> <span class='ocrx_word' id='word_1_276' title='bbox 443 3745 538 3807; x_wconf 85' lang='lat' dir='ltr'><strong>ajebat,</strong></span> <span class='ocrx_word' id='word_1_277' title='bbox 558 3745 623 3805; x_wconf 90' lang='lat' dir='ltr'><strong>quod</strong></span> <span class='ocrx_word' id='word_1_278' title='bbox 641 3744 719 3791; x_wconf 89' lang='lat' dir='ltr'><strong>minus</strong></span> <span class='ocrx_word' id='word_1_279' title='bbox 737 3743 821 3794; x_wconf 83' lang='lat' dir='ltr'><strong>Latine</strong></span> <span class='ocrx_word' id='word_1_280' title='bbox 841 3746 949 3795; x_wconf 84' lang='lat' dir='ltr'><strong>dicatur:</strong></span> <span class='ocrx_word' id='word_1_281' title='bbox 970 3746 1062 3795; x_wconf 88' lang='lat' dir='ltr'><strong>animus</strong></span> <span class='ocrx_word' id='word_1_282' title='bbox 1081 3751 1202 3808; x_wconf 75' lang='lat' dir='ltr'><strong>respondet</strong></span> <span class='ocrx_word' id='word_1_283' title='bbox 1225 3750 1315 3806; x_wconf 87' lang='lat' dir='ltr'><strong>literis,</strong></span> 
     </span>
     <span class='ocr_line' id='line_1_32' title="bbox 290 3837 1318 3904; baseline 0 -15"><span class='ocrx_word' id='word_1_284' title='bbox 290 3843 343 3904; x_wconf 88' lang='lat' dir='ltr'><strong>pari</strong></span> <span class='ocrx_word' id='word_1_285' title='bbox 361 3855 433 3902; x_wconf 88' lang='lat' dir='ltr'><strong>passu</strong></span> <span class='ocrx_word' id='word_1_286' title='bbox 451 3853 506 3888; x_wconf 87' lang='lat' dir='ltr'><strong>cum</strong></span> <span class='ocrx_word' id='word_1_287' title='bbox 524 3840 601 3888; x_wconf 89' lang='lat' dir='ltr'><strong>literis</strong></span> <span class='ocrx_word' id='word_1_288' title='bbox 620 3838 717 3888; x_wconf 87' lang='lat' dir='ltr'><strong>incedit.</strong></span> <span class='ocrx_word' id='word_1_289' title='bbox 745 3837 821 3894; x_wconf 81' lang='lat' dir='ltr'><strong>Quam</strong></span> <span class='ocrx_word' id='word_1_290' title='bbox 841 3839 1005 3901; x_wconf 76' lang='lat' dir='ltr'><strong>conjecturam</strong></span> <span class='ocrx_word' id='word_1_291' title='bbox 1026 3841 1213 3902; x_wconf 84' lang='lat' dir='ltr'><strong>pulcherrimam</strong></span> <span class='ocrx_word' id='word_1_292' title='bbox 1233 3850 1258 3890; x_wconf 90' lang='lat' dir='ltr'><strong>et</strong></span> <span class='ocrx_word' id='word_1_293' title='bbox 1278 3855 1318 3889; x_wconf 85' lang='lat' dir='ltr'><strong>ve·</strong></span> 
     </span>
     <span class='ocr_line' id='line_1_33' title="bbox 291 3933 1318 3996; baseline 0 -12"><span class='ocrx_word' id='word_1_294' title='bbox 291 3936 410 3984; x_wconf 87' lang='lat' dir='ltr'><strong>rissimam</strong></span> <span class='ocrx_word' id='word_1_295' title='bbox 428 3948 480 3982; x_wconf 84' lang='lat' dir='ltr'><strong>esso</strong></span> <span class='ocrx_word' id='word_1_296' title='bbox 498 3934 619 3984; x_wconf 86' lang='lat' dir='ltr'><strong>existimo.</strong></span> <span class='ocrx_word' id='word_1_297' title='bbox 634 3933 755 3982; x_wconf 79' lang='lat' dir='ltr'><strong>Facillime</strong></span> <span class='ocrx_word' id='word_1_298' title='bbox 774 3934 901 3982; x_wconf 75' lang='lat' dir='ltr'><strong>enirm-in</strong></span> <span class='ocrx_word' id='word_1_299' title='bbox 913 3947 992 3982; x_wconf 67' lang='lat' dir='ltr'><strong>rueres</strong></span> <span class='ocrx_word' id='word_1_300' title='bbox 1004 3935 1230 3996; x_wconf 83' lang='lat' dir='ltr'><strong>corrumpipotuit,</strong></span> <span class='ocrx_word' id='word_1_301' title='bbox 1245 3949 1318 3996; x_wconf 86' lang='lat' dir='ltr'><strong>prae-</strong></span> 
     </span>
     <span class='ocr_line' id='line_1_34' title="bbox 290 4027 1318 4092; baseline -0.002 -14"><span class='ocrx_word' id='word_1_302' title='bbox 290 4027 374 4079; x_wconf 85' lang='lat' dir='ltr'><strong>sertim</strong></span> <span class='ocrx_word' id='word_1_303' title='bbox 389 4043 444 4078; x_wconf 87' lang='lat' dir='ltr'><strong>curo</strong></span> <span class='ocrx_word' id='word_1_304' title='bbox 463 4029 593 4091; x_wconf 76' lang='lat' dir='ltr'><strong>praecedat</strong></span> <span class='ocrx_word' id='word_1_305' title='bbox 609 4031 689 4086; x_wconf 77' lang='lat' dir='ltr'><strong>ardor,</strong></span> <span class='ocrx_word' id='word_1_306' title='bbox 708 4028 777 4091; x_wconf 76' lang='lat' dir='ltr'><strong>cujus</strong></span> <span class='ocrx_word' id='word_1_307' title='bbox 789 4028 899 4076; x_wconf 79' lang='lat' dir='ltr'><strong>vocabuli</strong></span> <span class='ocrx_word' id='word_1_308' title='bbox 920 4029 1003 4078; x_wconf 82' lang='lat' dir='ltr'><strong>ultima</strong></span> <span class='ocrx_word' id='word_1_309' title='bbox 1026 4029 1097 4078; x_wconf 80' lang='lat' dir='ltr'><strong>litera</strong></span> <span class='ocrx_word' id='word_1_310' title='bbox 1120 4031 1176 4080; x_wconf 82' lang='lat' dir='ltr'><strong>huic</strong></span> <span class='ocrx_word' id='word_1_311' title='bbox 1198 4031 1250 4078; x_wconf 82' lang='lat' dir='ltr'><strong>voci</strong></span> <span class='ocrx_word' id='word_1_312' title='bbox 1274 4043 1318 4092; x_wconf 84' lang='lat' dir='ltr'><strong>per</strong></span> 
     </span>
     <span class='ocr_line' id='line_1_35' title="bbox 290 4118 1319 4186; baseline 0 -14"><span class='ocrx_word' id='word_1_313' title='bbox 290 4137 397 4172; x_wconf 87' lang='lat' dir='ltr'><strong>errorem</strong></span> <span class='ocrx_word' id='word_1_314' title='bbox 415 4123 533 4172; x_wconf 82' lang='lat' dir='ltr'><strong>adhaesit.</strong></span> <span class='ocrx_word' id='word_1_315' title='bbox 553 4124 594 4172; x_wconf 84' lang='lat' dir='ltr'><strong>Vir</strong></span> <span class='ocrx_word' id='word_1_316' title='bbox 610 4125 651 4172; x_wconf 86' lang='lat' dir='ltr'><strong>ille</strong></span> <span class='ocrx_word' id='word_1_317' title='bbox 668 4123 767 4172; x_wconf 85' lang='lat' dir='ltr'><strong>doctiss.</strong></span> <span class='ocrx_word' id='word_1_318' title='bbox 787 4131 914 4184; x_wconf 80' lang='lat' dir='ltr'><strong>praeterea</strong></span> <span class='ocrx_word' id='word_1_319' title='bbox 930 4137 988 4186; x_wconf 87' lang='lat' dir='ltr'><strong>pro:</strong></span> <span class='ocrx_word' id='word_1_320' title='bbox 1010 4127 1079 4176; x_wconf 81' lang='lat' dir='ltr'><strong>Nullo</strong></span> <span class='ocrx_word' id='word_1_321' title='bbox 1091 4127 1118 4184; x_wconf 76' lang='lat' dir='ltr'><strong>tlt</strong></span> <span class='ocrx_word' id='word_1_322' title='bbox 1131 4127 1226 4182; x_wconf 65' lang='lat' dir='ltr'><strong>mue,</strong></span> <span class='ocrx_word' id='word_1_323' title='bbox 1247 4118 1319 4174; x_wconf 80' lang='lat' dir='ltr'><strong>metri</strong></span> 
     </span>
     <span class='ocr_line' id='line_1_36' title="bbox 290 4218 930 4281; baseline 0 -15"><span class='ocrx_word' id='word_1_324' title='bbox 290 4231 362 4267; x_wconf 83' lang='lat' dir='ltr'><strong>causa</strong></span> <span class='ocrx_word' id='word_1_325' title='bbox 381 4219 545 4281; x_wconf 77' lang='lat' dir='ltr'><strong>reponendum</strong></span> <span class='ocrx_word' id='word_1_326' title='bbox 562 4220 691 4268; x_wconf 83' lang='lat' dir='ltr'><strong>censebat:</strong></span> <span class='ocrx_word' id='word_1_327' title='bbox 712 4219 782 4266; x_wconf 84' lang='lat' dir='ltr'><strong>Nullo</strong></span> <span class='ocrx_word' id='word_1_328' title='bbox 799 4218 825 4274; x_wconf 73' lang='lat' dir='ltr'><strong>tlt</strong></span> <span class='ocrx_word' id='word_1_329' title='bbox 842 4219 930 4266; x_wconf 76' lang='lat' dir='ltr'><strong>deinde.</strong></span> 
     </span>
    </p>
   </div>
   <div class='ocr_carea' id='block_1_4' title="bbox 0 0 1400 5109">
    <p class='ocr_par' dir='ltr' id='par_1_4' title="bbox 0 0 1400 5109">
     <span class='ocr_line' id='line_1_37' title="bbox 0 0 1400 5109; baseline 0 0"><span class='ocrx_word' id='word_1_330' title='bbox 0 0 1400 5109; x_wconf 95' lang='lat' dir='ltr'><strong> </strong></span> 
     </span>
    </p>
   </div>
  </div>
 </body>
</html>
