2790 5116
500 451 676 516 ..31-

54 635 228 704 Polymath.
249 635 346 689 c.1v.
366 655 391 708 p.
412 637 456 689 id.
477 637 617 690 ueletiam
638 636 774 708 privatim,
798 653 852 689 non
875 635 979 707 publica
997 635 1103 688 unctori-

54 727 145 794 ta'te,
164 729 305 784 docebunt.
325 729 383 783 lion
402 731 498 784 mirum
514 731 617 804 itaque,
636 741 676 784 tot
692 732 721 784 in
732 731 846 804 antiquis
863 730 1038 783 monumentis
1056 725 1104 780 ad-

58 823 196 876 huodum
213 825 341 888 inveniri,
365 826 411 897 qui
433 824 571 895 splendido
588 825 637 878 hoe
654 825 825 878 Grammatici
841 825 923 878 titulo
940 822 1102 894 superbiunt.

57 918 116 970 Sic
126 923 159 971 Ι.
173 922 305 983 Pompilius
315 923 456 970 Fortmutra
469 923 649 984 Grammaticus,
659 928 686 972 et
698 925 757 972 Sex.
770 923 895 986 reuectus
904 921 1006 984 napta
1017 920 1106 969 Graes·

60 1015 175 1064 maricae
183 1022 323 1064 occurrunt
333 1011 489 1082 apudGrut.
503 1031 530 1084 p.
546 1015 678 1079 notite.
690 1019 731 1068 10.
740 1015 780 1067 Sic
789 1019 822 1066 ll.
831 1019 921 1067 natiue
933 1015 1106 1080 Epaphroditus

63 1107 251 1158 Grammaticus
270 1109 376 1158 Graecas
393 1106 464 1177 apud
478 1107 599 1160 eumdem
619 1126 645 1179 p.
666 1108 809 1173 nentina
829 1117 857 1161 et
875 1111 907 1160 P.
923 1111 1007 1160 Atilius
1023 1109 1054 1158 Ρ.
1072 1109 1102 1156 F.

68 1201 137 1260 Ores.
158 1203 303 1262 Septem
318 1201 487 1252 Gramnclr'cur
501 1204 597 1252 bathua
612 1219 640 1272 p.
661 1201 859 1265 milvino.
875 1201 962 1271 plures
977 1200 1022 1250 alii
1038 1197 1107 1250 indii

67 1309 156 1362 opera
179 1310 212 1344 ex
236 1290 365 1345 iudicibus
387 1295 473 1364 colligi
493 1304 521 1348 et
543 1294 605 1348 addi
623 1305 741 1367 poscunt.
762 1295 831 1363 Quin
849 1304 876 1347 et
894 1296 993 1365 saepius
1010 1309 1104 1345 nomen

67 1386 163 1450 urbis,
187 1387 215 1440 in
241 1405 292 1458 qua
315 1388 418 1458 publice
437 1388 639 1443 Grammatiesm
661 1389 763 1460 professi
788 1388 903 1451 iuer-ant,
923 1386 1040 1440 additur.
1065 1386 1105 1438 Sic

66 1481 221 1534 Priscianus
240 1486 419 1536 Grammatieum
440 1487 626 1546 Caererimem,
650 1484 792 1538 Cledonius
815 1485 1104 1548 Commutmcpolr'tmum,

68 1576 188 1628 Rufinus
199 1580 372 1629 antiochensem
381 1596 407 1630 oe
415 1587 580 1640 vocaverunt,
589 1580 645 1649 pari
656 1578 735 1631 modo
744 1582 777 1630 11.
790 1582 870 1644 lllpiua
882 1583 1012 1642 Dioxippus
1022 1581 1106 1629 Grem-

70 1677 178 1722 matr'car
193 1675 307 1724 Portum.
324 1680 430 1724 vocatur
446 1672 476 1724 in
493 1672 660 1742 inscriptione
677 1670 747 1742 apud
765 1669 1106 1742 Gudiump.cc111‚e.-

72 1764 168 1836 Atque
179 1765 251 1817 hunc
268 1765 373 1818 honoris
390 1766 516 1828 titulum,
536 1783 684 1837 nomenque
703 1769 855 1817 Grammattcr'
866 1765 965 1834 optimo
982 1765 1038 1834 jure
1056 1763 1106 1816 sibi

73 1877 194 1928 arrogare
213 1860 292 1911 etiam
309 1860 422 1930 potuisse
438 1858 594 1911 Arusianum
605 1869 737 1924 nostmm,
752 1859 837 1928 negari
852 1877 905 1911 non
917 1859 1027 1929 poterit,
1044 1877 1105 1912 cum

75 1964 181 2008 certum
198 1955 247 2020 sit,
267 1973 328 2007 euru
345 1955 448 2026 publica
466 1956 618 2008 auctoritate
636 1953 838 2008 Grammatioam
856 1973 909 2006 non
927 1963 1032 2006 tanturn
1043 1971 1105 2027 pro·

74 2047 190 2114 lessam,
215 2058 244 2102 et
265 2049 334 2100 intra
357 2066 495 2102 numerum
520 2048 707 2114 Proleuorum,
732 2050 777 2122 qui
801 2048 918 2102 liberalia
942 2047 1029 2102 studia
1053 2049 1107 2104 sive

77 2141 158 2213 Cpoli
179 2144 233 2195 sive
254 2143 352 2195 liornae
374 2141 515 2206 docebant,
540 2133 739 2196 annumeratum
761 2142 852 2210 fuisse,
876 2141 923 2195 sed
944 2152 971 2196 et
994 2154 1051 2214 poet
1068 2144 1106 2197 ri·

77 2236 147 2305 giuti
158 2253 285 2289 annorum
297 2233 425 2306 stipendia
439 2234 533 2289 studiis
544 2236 596 2288 suis
613 2237 730 2310 quietem
747 2236 937 2308 impetravisse,
956 2236 1107 2308 parimodo

81 2349 113 2384 ac
127 2331 317 2400 Quinctilianue
328 2329 362 2384 de
374 2349 400 2383 se
412 2332 465 2402 ipse
482 2332 607 2400 gloriatur
623 2332 652 2384 in
669 2332 800 2403 prooemio
817 2333 884 2384 inst.
903 2331 977 2386 Orat.
1001 2331 1105 2388 abunde

78 2437 169 2496 patere
191 2436 278 2498 potest
300 2445 333 2479 err
355 2425 482 2479 Comitiva
504 2427 582 2498 primi
605 2424 724 2491 Ordinis,
750 2444 802 2500 qua
823 2425 964 2486 honoratus
987 2426 1053 2492 tirit,
1076 2437 1105 2482 et

81 2520 137 2586 bis,
154 2524 200 2596 qui
211 2533 273 2576 sunt
283 2521 418 2574 Enriceria
435 2520 574 2591 dignitate,
594 2531 809 2587 connumeratus,
826 2523 901 2592 juxta
918 2523 1106 2594 praescriptum

81 2618 113 2668 L.
128 2636 173 2671 un.
185 2617 215 2670 C.
234 2622 262 2670 de
277 2619 412 2679 Professor.
427 2622 466 2682 qul
479 2621 503 2668 in
518 2619 579 2668 Urbe
593 2618 714 2682 cpolitano
729 2621 837 2668 doceam
850 2634 880 2669 ec
896 2621 957 2682 bere
974 2630 1107 2671 meruerunt

84 2713 224 2764 Gammae.
247 2710 296 2762 Lib
309 2709 369 2764 XII.
388 2709 444 2762 'rie
469 2713 512 2762 lli.
533 2738 569 2750 -
589 2709 640 2762 Sed
658 2709 730 2762 idern
748 2710 795 2762 ille
812 2711 908 2763 titulus
927 2714 1020 2765 comete
1038 2718 1108 2779 primi

82 2810 176 2861 Ordinis
189 2805 223 2859 ad
241 2815 352 2859 aetatem
369 2805 539 2858 Grammatici
556 2805 638 2856 nostri
656 2803 865 2857 constituendam
882 2822 929 2860 nos
948 2804 1041 2860 ducere
1058 2825 1106 2877 po-

83 2901 159 2954 terit.
176 2902 274 2954 Primus
291 2900 361 2953 enim
379 2899 540 2952 Theodotius
556 2897 649 2950 Junior
667 2915 735 2950 anno
752 2900 804 2949 42⁵
823 2897 1010 2952 Grammaticos
1026 2898 1106 2954 Grae·

83 3013 129 3048 eoa
140 2995 286 3048 Helladium
303 3005 331 3048 et
342 2995 495 3064 Syrianam,
513 3002 540 3044 et
552 2992 675 3043 Latinum
692 2991 885 3062 Theophilum,
904 2991 1042 3046 honorarit
1054 2994 1106 3046 Co-

22 3075 24 3084 *
85 3089 178 3144 dioillis
198 3090 339 3143 comitivae
361 3089 438 3160 primi
463 3086 581 3150 Ordinis,
605 3086 808 3157 constituitque,
835 3095 866 3138 ut
887 3103 977 3139 omnes
999 3087 1060 3155 alii,
1083 3090 1107 3142 si

85 3185 242 3238 laudabilem
260 3184 288 3237 in
306 3201 333 3236 ee
354 3181 443 3254 probis
463 3182 578 3234 moribus
601 3182 686 3234 vitam
707 3199 761 3234 esse
783 3182 1000 3246 monstraverint;
1021 3182 1106 3238 sido·

86 3279 159 3333 cendi
176 3279 294 3350 peritiam
312 3275 510 3350 facundiamque
522 3275 643 3342 dicendi,
658 3276 844 3348 interpretandi
856 3278 1046 3346 subtilitatem,
1065 3297 1106 3334 eo·

85 3373 204 3445 piamque
222 3371 364 3426 disserendi
381 3389 408 3425 se
425 3371 520 3424 habere
537 3371 719 3442 patefecerint,
738 3379 766 3426 et
782 3371 864 3425 Coetu
884 3351 1051 3444 ,impiissimo
1067 3377 1109 3444 ju·

88 3465 187 3520 dicante
204 3465 275 3534 digni
293 3465 389 3519 luerint
407 3465 552 3528 aestimati,
572 3459 664 3535 quiin
683 3474 825 3517 memorato
841 3465 971 3520 auditorio
982 3468 1107 3522 Professo-

88 3580 145 3616 rum
161 3564 299 3631 iungantur
317 3560 414 3624 officio,
434 3578 494 3612 cum
511 3558 546 3611 ad
563 3560 655 3628 viginti
672 3578 753 3612 annos
768 3561 823 3630 jugi
840 3578 870 3614 ao
886 3561 978 3614 sedulo
995 3561 1107 3616 docendi

89 3657 172 3712 libore
190 3657 368 3730 pervenerint,
387 3654 495 3718 iisdem,
515 3653 610 3725 quibus
627 3652 753 3724 praedicti
770 3655 834 3720 viri,
854 3653 1004 3721 Helladiue,
1023 3657 1107 3724 Syria-

90 3769 148 3818 nur,
169 3763 197 3806 et
212 3751 388 3822 Theophilus,
402 3748 572 3817 dignitatibus
586 3748 760 3819 perfruantur.
780 3749 821 3802 Ex
833 3750 927 3820 quibus
937 3749 1106 3806 Constitutio-

92 3847 129 3900 uis
139 3845 331 3901 'l'heodoeianae
348 3845 448 3908 verbis,
468 3860 534 3915 quae
551 3851 623 3894 extat
633 3841 698 3894 Cod.
712 3842 815 3896 Theod.
829 3843 887 3894 Lib.
902 3843 950 3898 VI.
963 3843 1019 3898 Tit.
1032 3845 1104 3900 XXI.

92 3939 156 3994 'l'om
170 3942 204 3994 11.
221 3959 249 4013 p.
270 3943 330 3993 11³.
346 3958 399 3992 non
422 3949 527 3992 tantum
548 3947 647 3990 certum
670 3946 723 4002 est,
743 3937 898 3992 drusianam
915 3949 1033 3994 nostrum
1049 3953 1107 4016 poet

94 4037 192 4088 emerita
214 4035 306 4104 viginti
329 4051 457 4086 annorum
481 4029 610 4104 stipendia
632 4032 740 4084 demum
762 4031 796 4085 ad
820 4033 946 4089 honorem
964 4036 1109 4094 comiuvae

93 4130 166 4196 primi
176 4128 279 4182 Ordinis
294 4139 415 4182 erectum
431 4128 521 4192 luisse,
540 4127 587 4180 sed
604 4136 631 4180 et
649 4136 706 4199 post
724 4126 794 4181 illud
811 4139 927 4202 tenpus,
947 4149 1000 4204 quo
1016 4133 1109 4187 Gram.

97 4225 186 4278 mstieie
199 4223 385 4278 Professoribus
401 4223 567 4295 privilegium
584 4221 633 4276 hoc
650 4221 785 4276 indultum
803 4223 866 4290 fuit,
886 4227 987 4281 vixiese.
1019 4227 1109 4298 Qnelir
