2790 5116
586 339 814 422 '250-

210 559 271 599 mea
293 541 449 618 praelum
471 549 530 610 uti,
552 547 577 598 si
595 549 675 617 prius
693 550 752 598 noti
778 561 831 597 non
846 535 972 615 suerint,
996 561 1013 595 a
1036 561 1079 598 me
1093 546 1237 616 accipiam

210 678 319 728 initium
336 676 484 728 memoriae
497 689 580 727 suae:
592 682 623 728 tu
637 643 693 729 luis
707 676 790 740 vita,
803 689 887 746 quam
906 677 1027 744 turpiter
1041 675 1141 745 egisti,
1154 689 1239 745 mag·

209 820 260 856 nas
286 802 411 870 effudisti
434 795 575 868 tenebras3
599 812 643 869 ut,
664 805 776 856 etiamsi
792 795 903 872 suerint
923 804 1031 875 egregii
1052 807 1139 868 cives,
1162 813 1240 855 certe

208 934 338 983 venerint
357 933 386 982 in
407 925 585 995 oblivionem
614 928 668 1007 pro
689 941 764 984 certe
784 923 1007 984 emendandum
1027 944 1085 983 esse
1106 923 1235 984 videtur:

206 1075 261 1129 per
280 1069 316 1110 te.

699 1135 748 1195 lv,

247 1310 360 1370 Tibulli
381 1332 489 1385 versus,
511 1313 542 1374 11
563 1313 607 1374 ul.
629 1315 657 1376 2.
679 1326 752 1376 extr.
773 1314 827 1396 qui
848 1314 891 1373 sic
909 1284 1052 1393 leguntur
1072 1315 1105 1372 in
1127 1313 1193 1373 Mss:

326 1526 390 1584 Huc
409 1530 508 1582 veniat
527 1529 643 1584 Natalis
662 1534 737 1584 aris:
756 1530 917 1603 prolemque
938 1534 1092 1597 ministret,

365 1656 460 1710 Ludat
480 1669 509 1711 et
529 1669 595 1713 aute
616 1670 677 1712 tuos
698 1653 780 1713 turba
800 1658 906 1711 novella
922 1658 1026 1730 pedes,-

203 1827 245 1886 ita
264 1827 445 1889 emendandi
466 1850 525 1890 esse
546 1831 700 1891 videntur:

328 2086 403 2143 Tunc
422 2095 536 2158 venias,
561 2093 693 2148 Natalis!
700 2113 712 2160 ‚·
733 2111 801 2150 arus
817 2097 964 2170 prolesque
984 2100 1152 2164 ministrent,

363 2219 457 2274 Ludat
476 2234 507 2275 et
526 2231 593 2275 ante
613 2232 675 2276 tuos
696 2219 777 2280 turba
797 2224 902 2278 novella
916 2225 1016 2298 pedes.

697 2429 730 2487 V.

241 2605 277 2664 ln
301 2601 421 2685 Virgilii
442 2605 565 2666 Aeneid.
587 2602 671 2678 VIII,
692 2603 768 2668 205:

321 2870 364 2922 At
377 2864 465 2941 furiis
488 2867 557 2924 Caci
576 2887 652 2924 mens
673 2869 779 2939 effera,
802 2887 836 2924 ne
856 2871 927 2944 quid
945 2875 1071 2926 inausum

319 2999 382 3052 Aut
405 3004 586 3056 intractatum
608 3001 751 3055 scelerisve
771 3000 859 3055 dolive
873 2995 992 3072 suisset,
1018 2992 1022 3004 ¹

298 3165 300 3170 -
322 3128 450 3196 Quatuor
468 3146 486 3180 a
507 3125 624 3184 stabulis
641 3133 800 3201 praestanti
821 3147 932 3204 corpore
953 3141 1047 3186 tauros

319 3254 439 3310 Avertit.
474 3254 477 3262 ’

198 3481 263 3521 vere
284 3463 457 3543 corrigitur:

320 3643 361 3695 Ac
375 3636 453 3712 furis
474 3641 543 3698 Caci
563 3661 663 3726 manus
683 3645 770 3715 effirra
790 3654 843 3703 etc.

687 3853 736 3912 vl.

238 4025 355 4104 Virgilii
381 4024 522 4086 Bucolica
547 4029 611 4090 rion
631 4027 751 4090 sordent
768 4030 965 4092 recentiorum
982 4031 1225 4115 interpolationi-

199 4147 254 4212 bus
268 4165 296 4216 et
314 4151 587 4218 innumerabilibus
608 4157 695 4216 vitiis.
