2790 5116
533 441 708 502 -tl-

145 597 223 689 Qriotl
235 626 355 696 quereris,
370 624 449 678 bodie
461 635 547 678 toturn
559 628 712 697 expromito.
735 631 804 690 Quer.
825 627 885 682 Dies
896 587 999 680 deliciet
1011 637 1080 679 ante.

107 741 172 808 Sed
192 739 277 806 malo
294 740 362 807 loca
385 743 540 832 quaedam
558 745 746 833 scriptorum
764 744 950 810 Latinorum
962 768 1130 833 apponere,

106 857 166 944 qui
195 853 279 919 hanc
302 852 474 920 formulam
501 857 535 921 in
562 873 668 922 mente
698 857 827 947 quidem
852 857 1055 938 habuemnt',
1079 857 1132 922 sed

110 992 183 1032 eam
226 965 381 1060 eleganti·
405 967 576 1035 verborum
612 971 897 1058 circumscriptione
927 986 1129 1037 ornaverunt.

110 1077 262 1160 Plautus,
286 1079 410 1171 Captiv.
433 1082 485 1162 ΙΙ,
510 1084 549 1163 3,
575 1084 634 1150 56:

182 1265 209 1316 Si
226 1283 271 1335 ego
290 1266 353 1318 item
371 1283 525 1332 memorem,
544 1284 611 1338 quae
629 1265 690 1321 med
708 1285 766 1338 erga
784 1270 870 1321 multa.
884 1267 964 1321 feciui
982 1268 1061 1332 bene,

184 1359 242 1412 Nox
260 1357 331 1412 diem
347 1359 459 1426 adimat3

108 1540 203 1630 quod
213 1543 358 1606 convenit
372 1565 447 1607 cum
464 1539 534 1608 loco
556 1539 700 1606 Philonis
716 1543 820 1606 citato.
845 1541 997 1632 Virgilius
1007 1540 1090 1606 Aen.
1105 1539 1132 1602 l:

253 1726 277 1779 0
292 1727 359 1790 Dea,
379 1726 401 1776 si
418 1725 502 1794 prima
518 1732 638 1792 repetens
654 1723 688 1774 ab
705 1722 802 1791 origine
820 1741 936 1794 pergam,

255 1821 290 1872 Et
308 1829 383 1872 vacet
401 1819 507 1870 annales
522 1827 670 1870 nostrorum
688 1816 778 1869 audire
796 1818 929 1870 laborum:

256 1913 326 1966 Ante
343 1911 415 1964 diem
433 1912 519 1964 clauso
536 1921 672 1983 componet
690 1911 788 1982 Vesper
805 1910 927 1984 Olympo.

110 2103 239 2169 Auctor
258 2102 441 2192 panegyrici
460 2103 494 2167 in
517 2101 662 2167 Pisonem
686 2124 719 2166 v.
744 2100 826 2166 197:

257 2281 307 2335 Sed
323 2284 395 2353 prius
412 2301 514 2336 emenso
532 2283 611 2337 Titan
629 2295 754 2338 mersatur
772 2285 901 2358 Olympo,

256 2376 341 2445 Quam
358 2396 416 2431 mea
433 2387 473 2431 tot
491 2377 582 2431 laudes
599 2378 733 2433 decurrere
751 2382 864 2432 carruina
882 2381 989 2449 possint.

113 2558 236 2627 Marius
252 2558 381 2636 Victor,
405 2553 545 2643 Epistola
564 2556 606 2621 ad
627 2555 809 2625 Salmonem
831 2556 1009 2623 Abbatem:

258 2742 327 2796 Ante
344 2741 428 2804 diem,
449 2741 566 2807 Salmon,
586 2741 698 2794 tenebris
715 2760 767 2796 nox
785 2727 894 2797 humida
912 2745 1024 2808 condet,

170 2879 175 2888 .
257 2837 341 2906 Quam
359 2835 454 2908 possim
471 2852 555 2887 mores
572 2835 649 2904 hujus
667 2855 813 2907 percurrere
830 2838 931 2891 turbae.

577 3013 681 3034 ⁴00·-

557 3231 636 3299 eir.
656 3233 707 3298 n.

166 3403 353 3472 Observavit
384 3397 605 3475 celeberrimus
632 3403 784 3489 interpres
811 3398 852 3464 ad
886 3399 1007 3466 Horatii
1037 3401 1138 3482 Odas,

120 3523 188 3609 ipso
210 3517 318 3596 initio,
339 3511 398 3578 ubi
417 3521 510 3600 poeta
527 3513 741 3581 Maecenatem
760 3511 804 3576 ita
827 3510 1044 3600 compellavit:

262 3694 286 3747 0
303 3703 331 3747 et
347 3687 503 3762 praesidium
521 3697 549 3740 et
566 3687 642 3742 dulce
661 3686 739 3740 decus
755 3685 857 3739 meum!
882 3703 883 3710 ¹

121 3862 316 3940 observavit,
339 3860 485 3949 inqnm,
507 3850 616 3919 multis
636 3849 785 3941 exemplis
798 3847 1030 3932 allatis‚·verba
1043 3875 1143 3940 prae.

121 3981 237 4046 sidium
259 3992 290 4041 et
315 3971 428 4051 urus,
452 3984 508 4035 aut
526 3964 587 4032 alia
605 3965 688 4030 idem
707 3961 921 4056 significantia,
942 3987 1032 4053 saepe
1051 3990 1070 4031 a
1088 3991 1143 4032 ve.

13 4175 15 4186 y
123 4092 243 4159 teribus
264 4081 466 4177 scriptoribus
486 4080 641 4172 eleganter
665 4078 824 4167 conjungi.
873 4077 975 4168 Hujus
997 4079 1144 4148 observa.

124 4207 218 4274 tionis
242 4225 381 4304 menpor,
411 4193 589 4286 complures
618 4195 684 4284 ejus
710 4192 938 4282 conjunctionis
961 4186 1090 4278 rnodos,
1113 4211 1146 4262 et
