2790 5116
505 460 679 523 ..15-

79 641 223 733 ›rdigna,
246 664 310 710 non
330 641 424 708 ducet
435 641 464 706 :’'
488 663 586 731 quam
602 643 742 729 repetiit,
765 658 803 708 ιιι
819 639 938 708 solebat
957 640 1011 708 ille
1026 667 1099 724 sua,

79 757 119 820 in
141 735 258 845 quibus
279 752 338 822 sibi
359 752 543 843 placuisset,
567 754 686 842 saepius
707 770 857 842 repetere,
879 754 928 820 De
948 756 1102 822 Brevitate

78 869 167 934 vitae
183 891 210 933 c.
236 868 294 934 taz
319 867 513 958 squaedam,
535 891 611 935 cum
628 869 662 934 in
681 868 981 936 consummationem
998 866 1102 959 digni·

79 981 155 1046 tatis
177 1003 233 1069 per
252 977 341 1048 mille
357 981 556 1073 indignitates
569 983 748 1070 erepsissent
756 981 788 1064 ·,”
811 997 871 1048 etc.
887 1017 933 1034 -
954 977 1103 1046 Alterum

80 1115 218 1158 acumen
235 1094 332 1158 estin
354 1115 409 1158 eo:
424 1093 590 1181 famulatu
608 1101 770 1183 imperium
785 1100 918 1160 mercari
926 1141 936 1172 ,
959 1109 997 1158 ut
1016 1093 1103 1181 apud

79 1204 185 1270 Tacit.
209 1203 290 1272 Hist.
312 1205 344 1285 I,
373 1205 427 1271 36.
448 1205 487 1270 de
509 1204 654 1273 Othone:
678 1205 829 1272 »adorare
848 1203 982 1298 vulgus,
1004 1207 1103 1293 jacere

80 1295 230 1400 scocula,
258 1318 362 1384 omnia
388 1317 542 1384 serviliter
562 1341 624 1406 pm
642 1317 885 1386 dominatione?
929 1318 969 1384 In
993 1317 1103 1384 eadem

80 1453 118 1496 re
128 1427 251 1496 similes
266 1431 400 1522 argutias
422 1430 573 1520 quaesivit
585 1430 805 1510 Mamertinus,
817 1429 952 1498 Gratias.
969 1446 1029 1497 act.
1043 1431 1103 1496 Ju-

80 1539 169 1608 liano
192 1566 220 1610 c.
252 1544 313 1611 tt:
337 1541 524 1633 »molaque
549 1539 611 1608 alia
633 1557 763 1629 propter
785 1540 939 1608 honorem
965 1541 1102 1632 agenda,

82 1678 188 1744 aquae
205 1653 280 1724 alias
294 1658 401 1722 virum
423 1655 545 1722 honore
566 1653 701 1744 dignum
721 1650 821 1718 facere
841 1675 907 1718 non
925 1652 1080 1720 deceret.''

128 1990 224 2058 Juvat
242 2011 421 2076 comparare
435 1986 503 2056 loca
522 1987 676 2079 qttaedam
686 1989 886 2077 scriptorum,
909 2013 1104 2082 quamquam

82 2127 152 2169 non
174 2103 478 2193 antiquissimorum,
507 2102 564 2191 qui
586 2099 697 2168 eodem
723 2123 831 2168 omnes
847 2105 1104 2172 sententiaeacu·

83 2216 173 2282 minc
196 2216 245 2283 usi
262 2203 385 2283 suntin
402 2213 483 2282 facto
494 2214 656 2282 Lucretiae
670 2214 957 2282 commemorando.
981 2216 1014 2284 S.
1027 2217 1104 2284 Hie·

83 2349 236 2418 ronymus
251 2325 309 2394 lib.
329 2329 356 2396 Ι.
380 2329 499 2396 advers.
523 2327 743 2395 toriniacum:
777 2327 943 2394 »Lucretia
970 2328 1102 2419 (inquit)

84 2425 237 2508 »violatae
258 2441 425 2529 pudicitiae
441 2440 553 2508 nolens
575 2441 791 2528 supervivere,
813 2437 970 2507 maculam
992 2464 1104 2530 corpo-

84 2553 147 2619 aris
169 2575 279 2620 cruore
298 2550 448 2620 delevit.''
471 2549 701 2631 Tertullianus,
723 2550 890 2620 Exhortat.
908 2553 948 2620 ad
961 2552 1100 2622 Castitat.

83 2689 112 2730 c.
138 2666 197 2730 13:
222 2663 307 2732 »vel
322 2663 376 2730 illa
390 2665 555 2748 Lucretia,
580 2687 661 2754 quae
677 2679 714 2730 ut
730 2661 826 2730 semel
846 2699 892 2718 ·-·
910 2689 967 2753 per
981 2668 1048 2733 vim
1072 2684 1104 2734 et

83 2778 202 2843 »invita
225 2774 323 2842 alium
347 2778 453 2840 virum
476 2799 562 2863 passa
581 2791 643 2854 est,
666 2776 817 2866 sanguine
837 2799 894 2841 suo
914 2776 1103 2842 maculatam

83 2913 230 2954 »carnem
250 2886 386 2953 abluit.''
431 2887 526 2951 Po'e'ta
544 2887 577 2950 in
591 2882 727 2951 Anthol.
746 2885 857 2950 Latina
882 2887 923 2951 T.
940 2887 968 2952 Ι.
985 2911 1018 2975 p.
1038 2888 1101 2953 349

82 3003 131 3068 his
153 3001 257 3070 verbis
275 3003 375 3089 ipsam
393 2996 532 3063 locutam
549 2994 658 3064 finxit:

185 3211 264 3263 Proin
280 3210 394 3262 animam
411 3215 492 3259 testor
509 3206 591 3258 scelus
608 3201 681 3256 haud
698 3202 824 3270 tetigisses
844 3201 890 3257 aad
907 3221 978 3270 ecoe,

225 3305 261 3357 tte
278 3304 362 3356 solum
379 3299 485 3354 foedum
503 3311 542 3352 est
559 3317 664 3370 corpus,
684 3307 712 3351 et
728 3296 758 3351 id
774 3295 861 3351 fodio:

186 3397 244 3466 Quo
262 3415 335 3451 cruor
352 3395 478 3448 inflictam
495 3393 582 3447 labem
600 3394 684 3457 lavet,
703 3421 740 3434 -
757 3401 808 3445 cto.

82 3593 171 3674 Quae
192 3588 289 3656 verba
306 3591 349 3656 ita
371 3584 481 3654 similia
496 3601 569 3651 sunt
582 3583 687 3652 verbis
704 3583 837 3652 &necte
856 3585 891 3649 in
905 3551 1100 3672 Hippolyto,

84 3707 149 3774 899
176 3727 243 3795 sq.,
277 3719 313 3770 ut
336 3702 411 3769 inde
437 3723 576 3789 expressa
599 3715 712 3788 putare
737 3697 842 3786 possis.
888 3695 972 3760 Dicit
997 3710 1102 3784 antem

83 3816 168 3905 apud
185 3815 334 3884 Senecam
355 3813 513 3882 Phaedra:

223 3978 282 4031 Non
299 3977 374 4030 cessit
390 3977 503 4032 animust
523 3973 577 4030 vim
594 3981 684 4023 tamen
701 3986 791 4039 corpus
808 3965 887 4020 tulit:

197 4061 199 4066 ¹
223 4072 319 4124 Labem
337 4071 402 4123 hanc
419 4068 526 4142 pudoris
544 4067 615 4121 eluet
632 4073 719 4117 noster
736 4081 818 4115 cruor.

777 4147 789 4174 Ο

84 4263 265 4351 Comparari
286 4276 386 4348 potest
404 4256 486 4324 illud
495 4253 652 4352 Ciceronis
671 4253 704 4319 in
715 4251 850 4322 Verrina
871 4248 916 4336 V,
929 4249 991 4316 46:
1016 4247 1101 4314 »Er-
