2790 5116
682 449 856 514 ..90-

703 745 780 806 cte.
803 745 836 804 X.

305 899 439 991 Elegans
455 915 498 964 est
514 899 703 989 epigramma
718 897 758 962 de
774 893 976 976 funambulo,
994 893 1096 961 Anth.
1108 897 1182 1006 *Lat
1198 899 1237 960 T.
1251 897 1278 960 I.

263 1037 296 1100 p.
322 1014 405 1078 624:
1231 1031 1235 1038 ·

509 1178 572 1232 vidi
589 1178 721 1232 homiuem
739 1178 850 1248 pendere
868 1197 927 1232 cum
945 1179 1003 1242 via,

508 1274 557 1326 Cui
575 1275 652 1326 latior
669 1281 724 1324 eret
741 1273 844 1343 planta,
864 1291 942 1346 quam
960 1272 1060 1324 semita.
1200 1323 1202 1330 ,

308 1423 513 1512 Locutionetn
536 1421 678 1510 pendere
703 1445 772 1486 oum
801 1431 857 1486 via
881 1423 1046 1511 usurpavit
1063 1445 1193 1512 quoque
1214 1423 1282 1488 En·

264 1535 376 1600 nodius
401 1535 501 1623 Epist.
530 1533 595 1616 Ι,6.
629 1533 669 1599 de
693 1537 818 1624 regione
839 1533 1017 1624 scopulosa:
1048 1557 1126 1622 »per
1145 1533 1282 1623 pericula

264 1651 491 1740 »pendentium
511 1673 585 1716 cum
602 1651 652 1717 via
671 1647 831 1715 cultorum
846 1663 918 1713 ante
934 1665 1050 1712 terram
1068 1671 1125 1735 per
1141 1645 1283 1735 scopulos

263 1788 363 1854 »opus
380 1765 611 1846 estseminare,
634 1785 732 1852 quam
754 1759 928 1852 germina.''
949 1759 1011 1842 Qui
1034 1777 1116 1824 certe
1132 1757 1219 1824 locus
1237 1757 1282 1824 fa-

262 1876 321 1943 cile
332 1876 429 1956 fid·
443 1875 535 1942 saciat
553 1877 587 1943 in
606 1877 827 1966 epigrammate
847 1870 903 1938 illo
924 1894 1111 1962 germanum
1126 1895 1188 1936 esse
1203 1897 1283 1961 pen-

262 1992 336 2056 dere
346 2003 415 2054 cum
425 1999 503 2069 via,
517 2012 621 2078 neque
635 1989 678 2052 ita
688 1985 896 2064 mutandum,
908 2001 946 2049 ut
958 1982 1060 2049 voluit
1070 1985 1278 2050 Burmannus.

263 2102 412 2168 Ceterum
420 2098 598 2179 Salmasius,
613 2101 670 2189 qui
683 2099 724 2164 ad
734 2099 862 2188 Vopisci
870 2097 1023 2164 Carinum
1034 2120 1062 2162 e.
1079 2097 1131 2162 tt.
1145 2096 1207 2162 hoc
1220 2099 1284 2184 epi·

262 2237 404 2305 gramma
417 2213 567 2303 produxit
586 2229 618 2277 et
634 2212 753 2279 Graece
774 2211 883 2290 vertit,
906 2227 989 2275 recte
1008 2211 1131 2276 vocavit
1150 2211 1281 2296 αἴνιγμα.

260 2331 363 2408 totu.
382 2327 466 2392 Nam
487 2326 581 2390 etiam
606 2326 640 2390 in
661 2323 728 2389 aliis
751 2314 981 2413 aenigmatibus
1006 2323 1115 2388 eadem
1138 2325 1283 2389 orationis

261 2439 362 2506 forma
381 2453 519 2526 apparet.
541 2437 724 2503 Athenaeus
743 2438 786 2502 X.
799 2460 832 2522 p.
851 2437 915 2500 toa
932 2434 980 2502 C:
994 2439 1101 2504 πολλοὶ
1120 2436 1156 2504 δὲ
1171 2437 1283 2525 γρίφων

260 2553 312 2620 καὶ
323 2553 454 2620 τοιοῦτοί
460 2549 535 2630 τινές
546 2553 626 2618 εἰσιν·
646 2543 830 2636 οἷον,Ἆνδρ’
844 2544 923 2615 aldor
934 2549 1006 2635 aopi
1017 2545 1132 2632 χαλκδν
1144 2548 1192 2616 ἐπ’
1205 2547 1283 2636 dedo·

262 2657 449 2750 κολλήσαντα
470 2678 529 2727 etc.
554 2661 594 2726 de
610 2685 675 2750 quo
690 2661 862 2752 aenigmate
875 2659 940 2726 vid.
960 2659 1227 2750 Wyttenbachirps
1243 2661 1284 2726 ad

262 2772 349 2839 Plut.
375 2775 460 2842 Mor.
484 2798 516 2862 p.
543 2776 618 2840 154.
643 2774 680 2838 Β.
1110 2811 1113 2816 -

725 2973 812 2986 μ*

120 3133 121 3136 ’
209 3169 210 3172 .
307 3115 389 3180 Nota
397 3111 1281 3201 estsormula&deluaturvfrjpdffiLatiniadiesdeficz'et,

262 3249 326 3316 qua
337 3243 453 3290 veteres
462 3228 509 3290 uti
519 3223 661 3290 solebant
670 3224 712 3289 ad
721 3225 951 3302 excusandum,
966 3226 990 3290 si
1002 3223 1208 3290 detrectarent
1217 3249 1287 3290 ser--

262 3359 390 3402 monem
402 3353 457 3400 aut
471 3338 681 3402 narrationem
695 3337 846 3424 incipere,
864 3361 962 3426 quam
975 3339 1067 3402 nimis
1077 3335 1205 3428 longam
1218 3337 1284 3404 fore

262 3447 496 3538 praevidebant.
523 3441 679 3536 E'xempla
703 3449 859 3537 quaedam
884 3428 1223 3518 citavit-Blomfieldius
1250 3455 1283 3516 in

261 3559 418 3627 Glossario
443 3560 484 3625 ad
511 3558 660 3650 Aeschyli
686 3561 792 3625 Persas
818 3584 850 3625 v.
878 3563 962 3627 436:
990 3586 1072 3651 quac
1095 3562 1185 3630 facile
1209 3583 1283 3632 esset

261 3673 369 3740 multis
386 3697 518 3765 augere,
543 3689 581 3738 ut
600 3697 638 3738 ex
658 3673 784 3738 Graecis
803 3672 946 3740 Philonis
966 3675 1096 3760 Judaei,
1115 3678 1222 3768 Legat.
1244 3679 1284 3744 ad

260 3787 373 3876 Cajum
382 3811 415 3874 p.
432 3809 480 3858 m.
498 3785 583 3850 1037
594 3807 604 3849 :⁴
623 3783 677 3853 dciv
691 3784 900 3872 mroidyoutar
915 3783 970 3866 rcic
983 3790 1023 3866 εἷς
1034 3789 1166 3874 ἐμαυτόν
1180 3794 1214 3860 ἐκ
1227 3795 1284 3860 σοῦ

258 3899 415 3987 γενομένας
425 3897 602 3989 εὕεργεσίας,
619 3898 761 3982 ἐπιλείψει
771 3924 810 3982 με
820 3899 843 3986 ἦ
851 3898 965 3987 ἡμέρας
980 3924 1018 3964 ex
1032 3901 1150 3968 Latinis
1161 3903 1193 3970 S.
1208 3904 1283 3969 Hie-

259 4015 400 4104 ronymi,
423 4011 495 4078 Lib.
520 4013 547 4076 I.
567 4012 639 4076 adv.
660 4011 883 4076 Jovinianum:
907 4011 1000 4075 »Dies
1020 4036 1072 4088 me
1090 4014 1231 4114 deficiet,
1259 4018 1283 4080 si

251 4123 411 4190 -uvoluero
435 4126 540 4188 omnia
562 4125 706 4188 castitatis
726 4139 888 4211 praecepta
906 4128 1120 4208 memorare'';
1143 4146 1174 4193 et
1195 4129 1284 4198 Auc-

259 4237 334 4302 toris
350 4235 536 4306 Comoediac
556 4232 684 4318 Qucroli
700 4235 806 4314 Liſsi
825 4261 832 4300 :
