<?xml version="1.0" encoding="UTF-8"?>
<!DOCTYPE html PUBLIC "-//W3C//DTD XHTML 1.0 Transitional//EN"
    "http://www.w3.org/TR/xhtml1/DTD/xhtml1-transitional.dtd">
<html xmlns="http://www.w3.org/1999/xhtml" xml:lang="en" lang="en">
 <head>
  <title>
</title>
<meta http-equiv="Content-Type" content="text/html;charset=utf-8" />
  <meta name='ocr-system' content='tesseract 3.04.00' />
  <meta name='ocr-capabilities' content='ocr_page ocr_carea ocr_par ocr_line ocrx_word'/>
</head>
<body>
  <div class='ocr_page' id='page_1' title='image "./denonnullisloci00hoevgoog_0066.png"; bbox 0 0 2790 5116; ppageno 0'>
   <div class='ocr_carea' id='block_1_1' title="bbox 635 1891 659 1950">
    <p class='ocr_par' dir='ltr' id='par_1_1' title="bbox 635 1891 659 1950">
     <span class='ocr_line' id='line_1_1' title="bbox 635 1891 659 1950; baseline 0 0"><span class='ocrx_word' id='word_1_1' title='bbox 635 1891 659 1950; x_wconf 94' lang='lat'><em>1.</em></span> 
     </span>
    </p>
   </div>
   <div class='ocr_carea' id='block_1_2' title="bbox 134 2111 1163 2710">
    <p class='ocr_par' dir='ltr' id='par_1_2' title="bbox 134 2111 1163 2710">
     <span class='ocr_line' id='line_1_2' title="bbox 174 2111 1160 2198; baseline 0.001 -25"><span class='ocrx_word' id='word_1_2' title='bbox 174 2114 212 2174; x_wconf 86' lang='lat' dir='ltr'><em>ln</em></span> <span class='ocrx_word' id='word_1_3' title='bbox 235 2113 388 2174; x_wconf 77' lang='lat' dir='ltr'><em>Amiani</em></span> <span class='ocrx_word' id='word_1_4' title='bbox 419 2111 583 2175; x_wconf 73' lang='lat' dir='ltr'><strong>Marcellini</strong></span> <span class='ocrx_word' id='word_1_5' title='bbox 609 2112 673 2175; x_wconf 90' lang='lat' dir='ltr'><strong>Lib.</strong></span> <span class='ocrx_word' id='word_1_6' title='bbox 700 2114 793 2175; x_wconf 82' lang='lat' dir='ltr'><strong>xxlv</strong></span> <span class='ocrx_word' id='word_1_7' title='bbox 812 2136 903 2198; x_wconf 81' lang='lat' dir='ltr'>prope</span> <span class='ocrx_word' id='word_1_8' title='bbox 922 2114 1028 2176; x_wconf 84' lang='lat' dir='ltr'><em>linem:</em></span> <span class='ocrx_word' id='word_1_9' title='bbox 1050 2113 1103 2176; x_wconf 85' lang='lat' dir='ltr'><em>ubi</em></span> <span class='ocrx_word' id='word_1_10' title='bbox 1127 2115 1160 2174; x_wconf 91' lang='lat' dir='ltr'><em>in</em></span> 
     </span>
     <span class='ocr_line' id='line_1_3' title="bbox 134 2242 1162 2327; baseline 0 -23"><span class='ocrx_word' id='word_1_11' title='bbox 134 2242 226 2304; x_wconf 76' lang='lat' dir='ltr'><strong>codd.</strong></span> <span class='ocrx_word' id='word_1_12' title='bbox 248 2243 371 2327; x_wconf 84' lang='lat' dir='ltr'><em>legitur:</em></span> <span class='ocrx_word' id='word_1_13' title='bbox 414 2247 535 2320; x_wconf 84' lang='lat' dir='ltr'><strong><em>Quidam</em></strong></span> <span class='ocrx_word' id='word_1_14' title='bbox 564 2245 777 2305; x_wconf 82' lang='lat' dir='ltr'><em>arbitrabantur</em></span> <span class='ocrx_word' id='word_1_15' title='bbox 795 2250 920 2306; x_wconf 76' lang='lat' dir='ltr'><em>Serenae</em></span> <span class='ocrx_word' id='word_1_16' title='bbox 948 2250 1032 2304; x_wconf 85' lang='lat' dir='ltr'><em>duces</em></span> <span class='ocrx_word' id='word_1_17' title='bbox 1056 2249 1162 2304; x_wconf 81' lang='lat' dir='ltr'><em>adoeri-</em></span> 
     </span>
     <span class='ocr_line' id='line_1_4' title="bbox 136 2370 1163 2458; baseline 0.005 -28"><span class='ocrx_word' id='word_1_18' title='bbox 136 2390 196 2432; x_wconf 81' lang='lat' dir='ltr'><em>tare</em></span> <span class='ocrx_word' id='word_1_19' title='bbox 221 2383 286 2449; x_wconf 85' lang='lat' dir='ltr'><em>jam</em></span> <span class='ocrx_word' id='word_1_20' title='bbox 313 2370 650 2447; x_wconf 75' lang='lat' dir='ltr'><em>nostros3et11enricus</em></span> <span class='ocrx_word' id='word_1_21' title='bbox 672 2374 805 2436; x_wconf 83' lang='lat' dir='ltr'><em>Valesius</em></span> <span class='ocrx_word' id='word_1_22' title='bbox 825 2374 1048 2436; x_wconf 84' lang='lat' dir='ltr'><em>emendandum</em></span> <span class='ocrx_word' id='word_1_23' title='bbox 1070 2385 1163 2458; x_wconf 83' lang='lat' dir='ltr'><strong>pute·</strong></span> 
     </span>
     <span class='ocr_line' id='line_1_5' title="bbox 134 2499 1161 2589; baseline 0.003 -29"><span class='ocrx_word' id='word_1_24' title='bbox 134 2499 202 2562; x_wconf 83' lang='lat' dir='ltr'><strong>bat:</strong></span> <span class='ocrx_word' id='word_1_25' title='bbox 233 2505 386 2562; x_wconf 83' lang='lat' dir='ltr'><em>Saracenos</em></span> <span class='ocrx_word' id='word_1_26' title='bbox 401 2507 503 2576; x_wconf 84' lang='lat' dir='ltr'><em>duees‚·</em></span> <span class='ocrx_word' id='word_1_27' title='bbox 526 2503 736 2585; x_wconf 77' lang='lat' dir='ltr'><em>corrigendum</em></span> <span class='ocrx_word' id='word_1_28' title='bbox 755 2515 810 2578; x_wconf 80' lang='lat' dir='ltr'><em>ert,</em></span> <span class='ocrx_word' id='word_1_29' title='bbox 832 2501 965 2589; x_wconf 79' lang='lat' dir='ltr'><strong>syllaba,</strong></span> <span class='ocrx_word' id='word_1_30' title='bbox 986 2523 1063 2587; x_wconf 83' lang='lat' dir='ltr'><em>quae</em></span> <span class='ocrx_word' id='word_1_31' title='bbox 1085 2504 1161 2564; x_wconf 85' lang='lat' dir='ltr'><em>exci-</em></span> 
     </span>
     <span class='ocr_line' id='line_1_6' title="bbox 134 2633 1163 2710; baseline -0.002 -17"><span class='ocrx_word' id='word_1_32' title='bbox 134 2633 197 2710; x_wconf 82' lang='lat' dir='ltr'><em>dit,</em></span> <span class='ocrx_word' id='word_1_33' title='bbox 216 2633 364 2693; x_wconf 80' lang='lat' dir='ltr'><em>restituta:</em></span> <span class='ocrx_word' id='word_1_34' title='bbox 407 2636 528 2709; x_wconf 85' lang='lat' dir='ltr'><em>Quidam</em></span> <span class='ocrx_word' id='word_1_35' title='bbox 549 2634 761 2694; x_wconf 81' lang='lat' dir='ltr'><em>arbitrabantur</em></span> <span class='ocrx_word' id='word_1_36' title='bbox 774 2638 901 2694; x_wconf 81' lang='lat' dir='ltr'><em>Arsacen</em></span> <span class='ocrx_word' id='word_1_37' title='bbox 918 2649 948 2693; x_wconf 79' lang='lat' dir='ltr'><em>et</em></span> <span class='ocrx_word' id='word_1_38' title='bbox 962 2637 1046 2692; x_wconf 85' lang='lat' dir='ltr'><em>duces</em></span> <span class='ocrx_word' id='word_1_39' title='bbox 1057 2637 1163 2692; x_wconf 78' lang='lat' dir='ltr'><em>adoeri-</em></span> 
     </span>
    </p>
   </div>
   <div class='ocr_carea' id='block_1_3' title="bbox 137 2759 859 2847">
    <p class='ocr_par' dir='ltr' id='par_1_3' title="bbox 137 2759 859 2847">
     <span class='ocr_line' id='line_1_7' title="bbox 137 2759 859 2847; baseline -0.001 -24"><span class='ocrx_word' id='word_1_40' title='bbox 137 2779 197 2823; x_wconf 82' lang='lat' dir='ltr'><em>sare</em></span> <span class='ocrx_word' id='word_1_41' title='bbox 209 2771 273 2837; x_wconf 85' lang='lat' dir='ltr'><em>jam</em></span> <span class='ocrx_word' id='word_1_42' title='bbox 291 2779 407 2823; x_wconf 84' lang='lat' dir='ltr'><em>nostros.</em></span> <span class='ocrx_word' id='word_1_43' title='bbox 429 2759 512 2822; x_wconf 85' lang='lat' dir='ltr'>Conf.</span> <span class='ocrx_word' id='word_1_44' title='bbox 531 2761 602 2847; x_wconf 80' lang='lat' dir='ltr'><strong>(lap.</strong></span> <span class='ocrx_word' id='word_1_45' title='bbox 616 2762 764 2847; x_wconf 64' lang='lat' dir='ltr'><em>praeced„</em></span> <span class='ocrx_word' id='word_1_46' title='bbox 785 2773 859 2824; x_wconf 86' lang='lat' dir='ltr'>extr.</span> 
     </span>
    </p>
   </div>
   <div class='ocr_carea' id='block_1_4' title="bbox 175 2974 1162 3233">
    <p class='ocr_par' dir='ltr' id='par_1_4' title="bbox 175 2974 1162 3233">
     <span class='ocr_line' id='line_1_8' title="bbox 639 2974 680 3035; baseline 0 -1"><span class='ocrx_word' id='word_1_47' title='bbox 639 2974 680 3035; x_wconf 92' lang='lat'><em>11.</em></span> 
     </span>
     <span class='ocr_line' id='line_1_9' title="bbox 175 3145 1162 3233; baseline -0.005 -24"><span class='ocrx_word' id='word_1_48' title='bbox 175 3150 213 3209; x_wconf 89' lang='lat' dir='ltr'><em>In</em></span> <span class='ocrx_word' id='word_1_49' title='bbox 238 3149 380 3233; x_wconf 85' lang='lat' dir='ltr'><em>Ejusdem</em></span> <span class='ocrx_word' id='word_1_50' title='bbox 405 3147 471 3214; x_wconf 88' lang='lat' dir='ltr'><strong>Lib.</strong></span> <span class='ocrx_word' id='word_1_51' title='bbox 489 3149 565 3211; x_wconf 80' lang='lat' dir='ltr'><em>XXV</em></span> <span class='ocrx_word' id='word_1_52' title='bbox 586 3171 650 3233; x_wconf 86' lang='lat' dir='ltr'><strong>cap.</strong></span> <span class='ocrx_word' id='word_1_53' title='bbox 667 3147 704 3208; x_wconf 79' lang='lat'><em>9:</em></span> <span class='ocrx_word' id='word_1_54' title='bbox 725 3147 807 3232; x_wconf 81' lang='lat' dir='ltr'><em>quod</em></span> <span class='ocrx_word' id='word_1_55' title='bbox 822 3145 914 3229; x_wconf 81' lang='lat' dir='ltr'><strong>vulgo</strong></span> <span class='ocrx_word' id='word_1_56' title='bbox 932 3146 1055 3227; x_wconf 81' lang='lat' dir='ltr'><em>legitur:</em></span> <span class='ocrx_word' id='word_1_57' title='bbox 1092 3150 1162 3207; x_wconf 85' lang='lat' dir='ltr'><em>Corr-</em></span> 
     </span>
    </p>
   </div>
   <div class='ocr_carea' id='block_1_5' title="bbox 135 3279 1163 3355">
    <p class='ocr_par' dir='ltr' id='par_1_5' title="bbox 135 3279 1163 3355">
     <span class='ocr_line' id='line_1_10' title="bbox 135 3279 1163 3355; baseline -0.005 -17"><span class='ocrx_word' id='word_1_58' title='bbox 135 3290 269 3339; x_wconf 80' lang='lat' dir='ltr'><em>stantium</em></span> <span class='ocrx_word' id='word_1_59' title='bbox 302 3289 418 3339; x_wconf 84' lang='lat' dir='ltr'><em>immani</em></span> <span class='ocrx_word' id='word_1_60' title='bbox 440 3285 617 3342; x_wconf 77' lang='lat' dir='ltr'><em>crudescente</em></span> <span class='ocrx_word' id='word_1_61' title='bbox 646 3279 777 3338; x_wconf 87' lang='lat' dir='ltr'><em>bellorum</em></span> <span class='ocrx_word' id='word_1_62' title='bbox 810 3285 930 3336; x_wconf 78' lang='lat' dir='ltr'><em>materia</em></span> <span class='ocrx_word' id='word_1_63' title='bbox 953 3289 1115 3355; x_wconf 82' lang='lat' dir='ltr'><em>superatum</em></span> <span class='ocrx_word' id='word_1_64' title='bbox 1144 3297 1163 3332; x_wconf 87' lang='lat' dir='ltr'><em>a</em></span> 
     </span>
    </p>
   </div>
   <div class='ocr_carea' id='block_1_6' title="bbox 134 3408 1160 3482">
    <p class='ocr_par' dir='ltr' id='par_1_6' title="bbox 134 3408 1160 3482">
     <span class='ocr_line' id='line_1_11' title="bbox 134 3408 1160 3482; baseline -0.006 -16"><span class='ocrx_word' id='word_1_65' title='bbox 134 3411 231 3468; x_wconf 89' lang='lat' dir='ltr'><em>Persis</em></span> <span class='ocrx_word' id='word_1_66' title='bbox 250 3413 405 3481; x_wconf 81' lang='lat' dir='ltr'><em>interdum,</em></span> <span class='ocrx_word' id='word_1_67' title='bbox 436 3414 508 3470; x_wconf 78' lang='lat' dir='ltr'><em>nihil</em></span> <span class='ocrx_word' id='word_1_68' title='bbox 532 3425 626 3471; x_wconf 80' lang='lat' dir='ltr'><em>tamen</em></span> <span class='ocrx_word' id='word_1_69' title='bbox 648 3413 688 3468; x_wconf 86' lang='lat' dir='ltr'><em>ad</em></span> <span class='ocrx_word' id='word_1_70' title='bbox 712 3411 786 3467; x_wconf 90' lang='lat' dir='ltr'><em>diem</em></span> <span class='ocrx_word' id='word_1_71' title='bbox 805 3408 962 3482; x_wconf 79' lang='lat' dir='ltr'><em>perdidisse</em></span> <span class='ocrx_word' id='word_1_72' title='bbox 984 3417 1160 3471; x_wconf 75' lang='lat' dir='ltr'><em>extremum,</em></span> 
     </span>
    </p>
   </div>
   <div class='ocr_carea' id='block_1_7' title="bbox 130 3528 1161 3743">
    <p class='ocr_par' dir='ltr' id='par_1_7' title="bbox 130 3528 1161 3743">
     <span class='ocr_line' id='line_1_12' title="bbox 135 3528 1161 3630; baseline -0.012 -32"><span class='ocrx_word' id='word_1_73' title='bbox 135 3548 239 3599; x_wconf 83' lang='lat' dir='ltr'><strong>contra</strong></span> <span class='ocrx_word' id='word_1_74' title='bbox 270 3537 409 3600; x_wconf 80' lang='lat' dir='ltr'><em>historiae</em></span> <span class='ocrx_word' id='word_1_75' title='bbox 440 3537 531 3599; x_wconf 89' lang='lat' dir='ltr'><em>fidem</em></span> <span class='ocrx_word' id='word_1_76' title='bbox 559 3548 614 3615; x_wconf 65' lang='grc' dir='ltr'><em>θεῖς</em></span> <span class='ocrx_word' id='word_1_77' title='bbox 644 3536 770 3621; x_wconf 85' lang='lat' dir='ltr'><em>ideoque</em></span> <span class='ocrx_word' id='word_1_78' title='bbox 795 3531 1005 3615; x_wconf 82' lang='lat' dir='ltr'><em>corrigendum</em></span> <span class='ocrx_word' id='word_1_79' title='bbox 1017 3528 1161 3630; x_wconf 30' lang='lat' dir='ltr'><em>..videtum</em></span> 
     </span>
     <span class='ocr_line' id='line_1_13' title="bbox 130 3671 296 3743; baseline 0.018 -18"><span class='ocrx_word' id='word_1_80' title='bbox 130 3671 296 3743; x_wconf 77' lang='lat' dir='ltr'><em>prodidisse.</em></span> 
     </span>
    </p>
   </div>
   <div class='ocr_carea' id='block_1_8' title="bbox 625 3875 681 3936">
    <p class='ocr_par' dir='ltr' id='par_1_8' title="bbox 625 3875 681 3936">
     <span class='ocr_line' id='line_1_14' title="bbox 625 3875 681 3936; baseline 0 0"><span class='ocrx_word' id='word_1_81' title='bbox 625 3875 681 3936; x_wconf 88' lang='lat'>111.</span> 
     </span>
    </p>
   </div>
   <div class='ocr_carea' id='block_1_9' title="bbox 174 4044 1162 4133">
    <p class='ocr_par' dir='ltr' id='par_1_9' title="bbox 174 4044 1162 4133">
     <span class='ocr_line' id='line_1_15' title="bbox 174 4044 1162 4133; baseline -0.007 -22"><span class='ocrx_word' id='word_1_82' title='bbox 174 4051 212 4111; x_wconf 91' lang='lat' dir='ltr'><em>In</em></span> <span class='ocrx_word' id='word_1_83' title='bbox 237 4051 458 4115; x_wconf 72' lang='lat' dir='ltr'><em>Declamatione</em></span> <span class='ocrx_word' id='word_1_84' title='bbox 484 4054 519 4114; x_wconf 91' lang='lat' dir='ltr'><em>in</em></span> <span class='ocrx_word' id='word_1_85' title='bbox 540 4051 716 4113; x_wconf 81' lang='lat' dir='ltr'><em>Sallustium</em></span> <span class='ocrx_word' id='word_1_86' title='bbox 741 4070 818 4133; x_wconf 84' lang='lat' dir='ltr'><em>quae</em></span> <span class='ocrx_word' id='word_1_87' title='bbox 844 4046 979 4108; x_wconf 83' lang='lat' dir='ltr'><em>Ciceroni</em></span> <span class='ocrx_word' id='word_1_88' title='bbox 1006 4044 1162 4122; x_wconf 84' lang='lat' dir='ltr'><em>tribuitur,</em></span> 
     </span>
    </p>
   </div>
   <div class='ocr_carea' id='block_1_10' title="bbox 133 4175 1163 4343">
    <p class='ocr_par' dir='ltr' id='par_1_10' title="bbox 133 4175 1163 4343">
     <span class='ocr_line' id='line_1_16' title="bbox 133 4175 1163 4264; baseline -0.013 -21"><span class='ocrx_word' id='word_1_89' title='bbox 133 4179 166 4263; x_wconf 59' lang='grc' dir='ltr'><em>(ς</em></span> <span class='ocrx_word' id='word_1_90' title='bbox 184 4179 214 4242; x_wconf 85' lang='lat'><em>7.</em></span> <span class='ocrx_word' id='word_1_91' title='bbox 232 4180 277 4244; x_wconf 85' lang='lat' dir='ltr'><em>ed.</em></span> <span class='ocrx_word' id='word_1_92' title='bbox 297 4181 387 4264; x_wconf 81' lang='lat' dir='ltr'><em>Cori.)</em></span> <span class='ocrx_word' id='word_1_93' title='bbox 411 4183 445 4243; x_wconf 89' lang='lat' dir='ltr'><em>in</em></span> <span class='ocrx_word' id='word_1_94' title='bbox 470 4179 565 4246; x_wconf 83' lang='lat' dir='ltr'><em>verbis</em></span> <span class='ocrx_word' id='word_1_95' title='bbox 581 4179 677 4242; x_wconf 84' lang='lat' dir='ltr'><em>hisce:</em></span> <span class='ocrx_word' id='word_1_96' title='bbox 718 4183 782 4258; x_wconf 83' lang='lat' dir='ltr'><em>Ego</em></span> <span class='ocrx_word' id='word_1_97' title='bbox 807 4186 877 4238; x_wconf 89' lang='lat' dir='ltr'><em>meis</em></span> <span class='ocrx_word' id='word_1_98' title='bbox 891 4175 1045 4252; x_wconf 83' lang='lat' dir='ltr'><em>majoribus</em></span> <span class='ocrx_word' id='word_1_99' title='bbox 1060 4183 1163 4234; x_wconf 81' lang='lat' dir='ltr'><em>virtute</em></span> 
     </span>
     <span class='ocr_line' id='line_1_17' title="bbox 1007 4282 1027 4343; baseline 0 0"><span class='ocrx_word' id='word_1_100' title='bbox 1007 4282 1027 4343; x_wconf 79' lang='lat' dir='ltr'><em>i</em></span> 
     </span>
    </p>
   </div>
   <div class='ocr_carea' id='block_1_11' title="bbox 0 0 1400 5108">
    <p class='ocr_par' dir='ltr' id='par_1_11' title="bbox 0 0 1400 5108">
     <span class='ocr_line' id='line_1_18' title="bbox 0 0 1400 5108; baseline 0 0"><span class='ocrx_word' id='word_1_101' title='bbox 0 0 1400 5108; x_wconf 95' lang='lat' dir='ltr'><em> </em></span> 
     </span>
    </p>
   </div>
  </div>
 </body>
</html>
