2790 5116
333 619 460 688 bitretur,
476 634 570 674 sumat
590 624 618 674 in
637 638 745 687 manus,
767 625 842 693 quod
858 639 947 694 nuper
966 621 1064 686 edidit,
1087 623 1231 694 egregium
1251 625 1360 675 nomini

329 745 379 781 suo
392 737 613 804 monumentum,
636 725 750 780 Hesiodi
768 723 951 799 Theogoniam
957 745 968 792 ,·
982 725 1101 799 indeque
1114 726 1215 792 discat,
1231 727 1306 799 quid
1320 732 1359 780 sit

329 827 417 888 otiari
428 827 631 884 Literatoribus
639 829 815 884 Neerlandis.
822 829 877 884 Est
888 831 975 903 plane
984 829 1057 884 illud
1066 829 1261 898 Pindaricum,
1276 832 1359 904 σχολὴ

327 943 378 992 τῶν
400 935 480 991 ἄλλων
500 934 619 1007 singuline
639 933 768 1008 ὕπερτόρα.
795 933 878 1005 Quod
900 939 1007 988 utinam
1029 935 1107 990 Deus
1131 936 1166 990 0.
1184 936 1228 990 M.
1250 941 1358 990 eximio

328 1041 397 1092 Viro
416 1039 467 1093 diu
487 1051 626 1093 conseruet
641 1038 762 1093 viridem
784 1052 973 1114 vegetamque
991 1049 1177 1107 senectutem,
1201 1051 1233 1094 ut
1252 1047 1358 1096 ceteris

324 1147 410 1198 etiam
427 1144 544 1198 Hesiodi
559 1140 728 1198 carminibus
744 1144 859 1199 edendis
876 1162 974 1200 nomen
997 1163 1077 1200 suum
1094 1150 1243 1200 memoriae
1253 1160 1359 1220 poste-

324 1252 420 1304 ritatis
439 1249 562 1316 tradere,
578 1251 730 1322 literaeque
746 1261 857 1304 veteres
875 1255 1027 1324 insigniter
1041 1268 1145 1324 augere
1158 1254 1270 1323 possit!

365 1350 473 1424 Quibus
492 1372 560 1408 veru
582 1352 677 1410 verbis
696 1357 725 1410 V
724 1360 760 1410 iri
783 1355 826 1412 Cl.
849 1371 980 1411 nossem
998 1360 1098 1410 merita
1115 1374 1185 1430 erga
1204 1374 1249 1410 me
1268 1358 1358 1432 digne

322 1475 461 1531 exponere
466 1463 584 1533 possim,
597 1478 716 1534 prorsus
732 1465 839 1534 ignoro.
854 1461 887 1516 Si
904 1467 1052 1534 quisquam
1068 1461 1220 1533 discipulus
1232 1464 1356 1517 multum

322 1559 405 1617 debet
418 1571 571 1638 magistro,
591 1583 644 1638 ego
664 1563 729 1620 huic
747 1567 815 1620 Viro
838 1562 932 1622 debeo.
953 1568 1094 1620 Interesse
1110 1571 1174 1636 ejus
1190 1565 1358 1624 lectionibus

323 1667 392 1723 mibi
406 1673 524 1743 contigit
533 1687 590 1743 per
604 1681 730 1742 quatuor
745 1688 831 1726 annos
847 1677 1000 1738 continuos,
1020 1687 1082 1724 cum
1099 1683 1228 1726 veterum
1246 1678 1357 1746 scripta

323 1775 530 1847 elegantissime
553 1777 639 1830 simul
661 1787 692 1829 et
713 1778 926 1829 accuratissime
950 1778 1192 1846 interpretaretur,
1222 1791 1289 1830 eum
1320 1780 1358 1831 ad

321 1895 431 1934 sensum
443 1877 555 1955 pulcbri
570 1879 731 1951 movendum
742 1878 939 1951 Judiciumque
951 1877 1105 1931 acuendum
1114 1876 1279 1951 efficaciter,
1296 1894 1356 1936 tum

322 1984 362 2038 ad
380 1984 552 2055 singulorum
571 1979 718 2038 verborum
742 1987 802 2037 vim
814 1985 1025 2057 percipiendam
1049 1983 1356 2044 accommodatissime:

324 2098 357 2141 ut
368 2088 457 2159 plane
480 2097 615 2158 expertus
638 2090 708 2153 sim,
728 2087 834 2142 nullam
858 2105 917 2142 esse
931 2088 1093 2160 explicandi
1115 2095 1248 2162 antiquos
1266 2099 1357 2166 scrip-

324 2203 398 2244 tores
420 2196 571 2257 rationem,
593 2208 651 2262 qua
671 2191 736 2264 plus
758 2191 799 2245 ad
819 2192 928 2245 illorum
951 2193 1165 2266 intelligentiam
1186 2207 1356 2270 rectamque

325 2294 528 2368 interpretandi
541 2300 620 2349 viam
629 2295 765 2367 proficere
778 2294 909 2368 disciqouli
921 2302 1040 2368 possint.
1058 2296 1112 2352 Cui
1125 2302 1258 2371 quoniam
1267 2301 1356 2356 Sum-

323 2417 397 2454 mum
413 2401 525 2456 Numen
545 2399 596 2454 boc
614 2400 706 2468 dedit,
731 2412 763 2454 ut
778 2395 899 2471 fhrtuna
917 2401 1014 2454 domus
1031 2407 1105 2472 ejus,
1127 2421 1201 2476 quae
1219 2404 1357 2477 gravibus

321 2502 431 2559 casibus
445 2507 554 2575 afflicta
566 2501 693 2574 jacebat,
713 2522 804 2577 nuper
817 2511 976 2578 erigeretur
988 2517 1017 2560 et
1032 2518 1176 2580 tamquam
1189 2507 1225 2562 de
1239 2515 1356 2586 integro

323 2616 539 2678 instauraretur,
552 2609 625 2664 nibil
635 2611 757 2684 amplius
771 2622 850 2694 opto,
868 2629 952 2683 quam
973 2625 1005 2666 ut
1016 2619 1163 2687 proprium
1178 2612 1229 2667 boc
1242 2634 1355 2690 perpe-

322 2727 457 2790 tuumque
469 2723 507 2770 sit
526 2718 568 2770 illi
586 2712 756 2789 beneficium.
775 2747 814 2757 —
831 2717 983 2789 Accipiam
1004 2717 1067 2770 Viri
1085 2715 1246 2772 Clarissimi
1266 2717 1357 2776 bene-

320 2822 387 2875 vola
400 2832 492 2876 mente
507 2820 557 2876 bac
573 2827 652 2896 grati
665 2827 753 2875 animi
763 2828 968 2876 testimonium.-
984 2827 1069 2875 etita
1082 2817 1136 2876 sibi
1140 2824 1354 2894 persuadeant,

320 2943 379 2993 me,
392 2945 450 3000 qua
457 2933 562 2999 possim
579 2926 728 3000 diligentia
735 2927 1056 3000 studiiqueconstuntia,
1068 2923 1202 2978 daturum
1215 2945 1340 3000 operam
1346 2971 1353 2998 ,

321 3043 354 3084 ut
368 3049 458 3104 neque
472 3032 533 3086 illos
548 3038 603 3086 mei
611 3031 738 3103 pudeat,
755 3043 785 3084 et
799 3035 918 3085 nominis
929 3031 1115 3094 Haereniani,
1133 3031 1211 3102 quod
1225 3049 1308 3087 nunc
1331 3043 1356 3088 in

322 3139 411 3190 variis
434 3135 589 3208 disciplinis
607 3152 711 3208 magna
728 3135 812 3188 laude
822 3134 927 3205 floret,
948 3151 1001 3186 non
1015 3151 1130 3206 prorsus
1147 3133 1287 3212 indignus
1304 3147 1356 3193 sim

321 3237 409 3293 lieres.

363 3343 493 3399 Ceterum
514 3345 657 3398 consilium
679 3342 748 3398 mibi
762 3337 876 3424 fuerat,
904 3355 936 3396 ut
949 3361 1151 3418 progressuum
1175 3363 1309 3426 meorum
1333 3355 1356 3403 in

321 3451 425 3503 Liten‘s
435 3453 573 3521 specimen
588 3449 683 3503 darem
700 3444 894 3502 conscribenda
907 3447 1025 3502 historia
1037 3444 1169 3502 bellorum
1175 3488 1185 3515 ,
1200 3468 1280 3523 quae
1292 3456 1356 3508 Im-

317 3563 462 3626 peratores
478 3555 594 3607 Romani
611 3564 757 3626 gesserunt
775 3569 837 3606 cum
860 3550 969 3626 regibus
986 3553 1138 3607 Persarum
1158 3571 1196 3606 ec
1215 3555 1356 3612 Sassani-

320 3643 419 3711 darum
421 3651 544 3728 familia.
555 3657 591 3712 ln
599 3675 684 3730 quam
693 3675 749 3711 rem
758 3674 843 3730 quum
852 3659 1010 3726 multajam
1022 3657 1205 3729 collegissem,
1219 3664 1355 3716 intellexi

321 3779 382 3816 eam
395 3767 512 3816 nimium
521 3768 618 3834 magni
629 3761 806 3835 difficilisque
813 3768 902 3835 operis
907 3755 981 3833 sore.
995 3761 1144 3833 Quumque
1153 3765 1240 3818 simul
1254 3785 1355 3842 cogno·

319 3876 438 3936 vissein,
461 3876 556 3922 virum
574 3868 685 3922 doctum
706 3875 735 3922 in
751 3869 873 3923 Francia
894 3869 1082 3920 cummaxime
1102 3869 1131 3918 in
1151 3868 1250 3923 eodem
1267 3890 1354 3948 argu-

319 3987 410 4028 mento
422 3970 587 4029 elaborando
599 3979 701 4028 versari
707 4013 716 4040 ,
738 3991 807 4046 opus
820 3971 871 4026 boc
884 3977 914 4024 in
930 3969 1012 4024 aliud
1028 3979 1136 4040 tempus
1152 3977 1253 4041 rejeci.
1271 3979 1355 4033 Nune

316 4078 428 4152 quidem
445 4076 625 4150 adpetendos
637 4078 806 4132 Doctoratus
819 4082 849 4128 in
864 4076 967 4129 Literis
983 4071 1099 4126 bonores
1112 4075 1201 4148 selegi
1217 4084 1355 4136 nonnulla

317 4201 355 4237 eos
368 4182 560 4249 Adversariis,
575 4197 663 4254 quae,
682 4191 795 4235 veteres
810 4185 958 4251 scriptores
973 4178 1083 4250 legens,
1100 4174 1234 4249 subinde,
1250 4198 1289 4240 nt
1300 4187 1351 4260 fit,
