2790 5116
688 394 863 460 ...38-

204 655 209 668 ,
268 585 464 678 Porphyrius
478 583 640 662 laudatur,
658 584 797 671 itemque
814 578 931 673 glossae
950 577 1144 646 Herodoteae
1161 581 1301 644 insertae

267 716 351 766 sunt.
372 699 439 764 rid.
459 694 631 763 Ruhnken.
650 695 684 760 in
701 693 803 772 Praei.
829 729 872 744 -
896 691 1045 759 Ceterum
1064 692 1128 757 duo
1149 695 1206 757 ista
1226 690 1301 758 loca

267 837 305 879 ex
324 809 506 904 Symmachi
529 809 720 900 Panegyrico
741 809 774 871 in
793 804 1009 871 Theodosium
1029 805 1186 871 addantur
1209 803 1301 869 illius

268 925 458 994 Orationum
482 921 679 1014 fiugmentis,
701 919 790 986 editis
808 916 849 983 ah
871 916 957 1009 Ang.
979 917 1077 1006 Majo.

311 1062 345 1126 p.
367 1037 446 1103 918.
472 1038 505 1101 in
528 1035 692 1101 Certamen
710 1032 758 1098 illi
772 1053 841 1096 cum
858 1030 912 1094 illo
926 1043 983 1095 est.
1007 1029 1145 1120 Sequens
1156 1027 1301 1095 formula

268 1151 311 1216 sic
330 1149 446 1216 editur:
472 1146 638 1214 Certamen
656 1159 704 1210 est
722 1168 791 1209 cum
807 1142 881 1207 illo:
899 1143 953 1208 sed
970 1144 1013 1208 sic
1026 1141 1107 1208 nihil
1123 1140 1231 1208 differt
1254 1140 1300 1206 ab

267 1261 328 1328 hec
347 1259 554 1349 praecedenti.
577 1258 698 1326 Vocem
717 1257 841 1324 addunt
863 1257 975 1322 Leidd.
996 1255 1099 1323 Codd.
1121 1272 1151 1320 et
1169 1254 1260 1321 Gud.
1289 1281 1296 1318 :

272 1373 436 1440 Certamen
444 1387 491 1439 est
502 1372 549 1452 aa
562 1395 631 1437 curn
641 1373 711 1453 illa·
721 1373 755 1436 in
765 1368 994 1460 quibusverhis
1002 1385 1085 1435 recte
1094 1370 1301 1434 Burmannus

269 1483 337 1552 sec.
363 1486 397 1550 in
424 1507 523 1576 marg.
549 1507 608 1572 pro
631 1485 687 1549 illi.
699 1484 826 1574 corrigit
842 1483 908 1549 ille.
940 1481 1066 1549 Servius
1085 1482 1126 1547 ad
1146 1480 1300 1546 eumdem

268 1593 395 1688 Virgilii
405 1593 525 1676 locum,
536 1618 633 1686 quem
645 1609 762 1684 spectat
777 1594 854 1660 haec
864 1591 976 1685 glossa:
989 1593 1160 1686 »Figurate
1170 1591 1300 1658 locutus

268 1725 353 1776 nest:
376 1709 532 1800 Magnum
552 1723 710 1774 certamen
733 1705 788 1772 ille
811 1729 886 1772 cum
905 1704 962 1772 illo
981 1707 1081 1772 erat.”

312 1845 346 1912 p.
360 1821 438 1888 996.
451 1821 658 1909 inEaperior
669 1819 860 1909 hacfacere.
883 1821 922 1884 In
936 1819 999 1885 hoc
1015 1815 1148 1885 articulo
1167 1819 1300 1886 Arusia-

267 1959 349 2003 num
366 1936 487 2027 egregie
500 1931 649 2023 supplent
661 1952 767 2000 nostra
780 1935 857 2002 Mes.
876 1934 910 1998 in
928 1931 1126 2022 quihuspost
1142 1930 1210 1997 illa:
1223 1935 1299 2000 Ea-

262 2056 377 2137 perior
396 2045 482 2110 illam
503 2069 583 2110 rem:
603 2083 645 2096 -
662 2055 886 2135 experiuntur:
910 2069 993 2111 nova
1011 2042 1148 2111 formula
1167 2046 1300 2112 additur

268 2161 330 2226 hoc
347 2156 463 2224 modo:
482 2159 645 2246 Experior
657 2158 739 2223 lianc
755 2181 820 2224 rem
831 2171 862 2223 et
876 2159 936 2224 liae
947 2182 991 2224 re.
1013 2158 1137 2224 Terent.
1147 2157 1295 2224 Euruaclae.

269 2279 376 2338 omnia
390 2280 484 2360 prius
501 2279 658 2361 experiri,
677 2295 770 2362 quarn
790 2280 887 2337 armis
907 2288 966 2338 etc.
1094 2337 1099 2348 ,

315 2407 349 2476 p.
375 2386 458 2452 229:
493 2384 686 2475 (Exsequias
716 2384 776 2474 ire)
807 2386 855 2450 Ita
878 2409 917 2450 ex
939 2388 1116 2474 conjectura
1138 2381 1299 2474 supplerit

270 2497 516 2564 Lindemannus.
539 2496 640 2563 Aliud
663 2495 816 2586 praebent
835 2495 937 2564 Codd.
960 2497 1091 2564 Leidd.:
1116 2498 1299 2588 Exsequias

268 2609 373 2676 vadit.
845 2663 848 2672 .

226 2800 230 2806 ¹
310 2744 344 2810 p.
358 2722 435 2788 931.
449 2724 523 2788 Ista:
534 2723 634 2788 Filius
635 2722 788 2814 familiae
800 2723 856 2788 ael
864 2722 1119 2812 materfamiliae
1132 2744 1198 2788 non
1219 2745 1299 2788 con-

266 2834 442 2923 spiciuntur
458 2835 492 2900 in
513 2833 625 2899 Leidd.
650 2831 753 2900 Codd.
783 2833 839 2923 qui
868 2834 1028 2922 sequentia
1054 2834 1097 2898 ita
1125 2831 1295 2898 exhibent:

267 2947 344 3012 Filii
360 2947 564 3038 familiarum
587 2948 645 3012 vel
667 2959 783 3011 matres
802 2946 1019 3035 familiarum.
1050 2945 1185 3012 Sallust.
1212 2946 1296 3012 Bell.

127 3118 128 3121 ,
269 3058 340 3126 Cat.
352 3059 422 3146 filii
435 3060 641 3148 familiarum
667 3072 727 3124 etc.
749 3059 851 3123 Locus
872 3075 918 3124 eet
943 3059 978 3123 in
1002 3057 1081 3147 Gap.
1107 3059 1168 3124 43:
1199 3081 1298 3148 quem

266 3170 380 3235 deinde
405 3172 439 3236 in
464 3170 646 3261 apographo
670 3171 774 3257 primo
798 3171 941 3260 sequitur
969 3166 1056 3236 locus
1081 3168 1238 3236 Ciceronis
1258 3195 1297 3236 cx

267 3280 403 3348 Verrina
413 3307 420 3346 :
431 3281 532 3348 sed'in
546 3282 728 3372 apographo
743 3283 880 3348 secundo
896 3282 972 3348 huic
982 3285 1193 3371 praemittitur
1201 3285 1298 3349 etium

265 3391 404 3459 alterum
424 3375 564 3460 Sallustii
587 3391 769 3481 exemplum
788 3392 866 3459 ibid.
890 3417 959 3483 cap.
986 3397 1040 3460 hl.
1062 3410 1179 3461 matres
1190 3397 1298 3486 fami·

267 3507 383 3571 liarum
406 3515 490 3596 pati.
518 3504 611 3570 Adde
640 3507 754 3596 igitur:
784 3506 873 3570 Idem
896 3506 1020 3571 ibidem.
1052 3508 1173 3574 Matres
1189 3508 1299 3597 fami-

267 3619 381 3685 liarum
394 3625 480 3706 pati:
498 3634 530 3682 et
546 3617 624 3683 hinc
643 3610 837 3684 Arusianum
856 3617 982 3708 duobus
1001 3619 1151 3708 exemplis
1169 3646 1208 3686 ex
1226 3619 1298 3688 Sal-

266 3729 362 3801 lustio
385 3753 476 3820 auge.
835 3735 838 3740 '

310 3867 344 3930 p.
370 3844 447 3910 235.
467 3841 617 3910 Incumbo
630 3851 664 3908 in
681 3845 766 3910 illam
783 3869 848 3911 rem
865 3864 924 3913 etc.
938 3843 1223 3928 Huncarticulum,
1240 3849 1298 3934 qui

265 3955 319 4022 hic
342 3951 484 4043 exempla
505 3957 664 4022 variarum
682 3960 953 4025 constructionum
975 3959 1065 4025 verhi
1087 3959 1216 4024 induere
1236 3960 1298 4022 im-

267 4084 402 4157 portune
423 4083 562 4154 separet,
588 4085 756 4158 transpone
781 4090 812 4138 et
844 4075 935 4162 rejice
962 4075 1103 4162 superius
1127 4071 1169 4138 ad
1199 4069 1299 4140 finem

267 4178 407 4248 articuli:
431 4179 579 4244 Incumbo
601 4181 647 4245 illi
666 4192 722 4247 rei.
