2790 5116
504 413 657 475 ..9-

502 681 581 743 cll).
604 683 661 741 ΙΙΙ.

17 921 20 928 .
118 860 172 926 Ad
186 857 310 951 Virgilii
328 857 443 950 Georg.
466 859 498 923 Π
520 884 552 925 v.
567 862 731 942 totum:

276 1047 312 1058 --
332 1024 392 1072 redit
408 1025 518 1084 ayricolr't
537 1027 603 1074 labor
624 1034 691 1076 octus
713 1029 737 1074 in
757 1027 850 1084 orbem,

247 1119 322 1179 Atque
335 1119 359 1164 in
376 1131 401 1166 se
416 1131 459 1166 cuo
473 1133 516 1178 per
531 1123 627 1180 veatiyio
645 1123 743 1170 volvitur
762 1134 845 1168 onnus.

114 1271 248 1352 Annus,
270 1273 388 1361 quippe
412 1271 684 1376 orbis-imaginem
705 1271 859 1350 referens,
880 1271 1011 1336 reditio
1036 1295 1088 1336 se:

69 1385 224 1473 quoniam
242 1399 348 1448 autem
371 1407 492 1472 semper
513 1384 660 1449 eumdem
681 1407 810 1449 cursum
833 1382 947 1463 babet,
975 1407 1011 1447 ac
1034 1407 1091 1471 per

68 1495 180 1561 eadem
192 1498 288 1584 spatia
309 1494 460 1580 volvitur,
476 1496 511 1561 h.
524 1495 550 1561 l,
563 1521 581 1560 a
592 1495 727 1586 Virgilio
745 1496 859 1560 dicitur
874 1504 1017 1560 interna
1029 1519 1093 1584 per
1187 1550 1189 1553 ,

69 1618 210 1698 uestigio
222 1611 321 1698 volvi.
337 1609 474 1676 Videtur
493 1611 631 1679 imitatus
646 1632 707 1672 esse
718 1606 871 1686 Varium,
885 1609 940 1696 qui
955 1608 1039 1673 idem
1052 1608 1092 1672 de

68 1721 193 1786 mundo
217 1722 356 1786 dixeratz
378 1721 437 1784 Ad
459 1743 536 1810 quos
559 1719 666 1783 mundi
692 1732 820 1784 resonat
844 1732 943 1798 tenor,
968 1720 1036 1782 Suo
1057 1743 1091 1784 se

67 1836 271 1900 volventium
281 1840 430 1920 vestigia.
443 1828 488 1895 At
496 1827 669 1920 Virgilium
683 1847 899 1918 expresserunt
909 1831 1092 1896 recentiores

67 1955 201 2032 poetae:
225 1944 389 2031 Gorippus
399 1942 438 2006 de
454 1939 576 2008 laudib.
593 1943 707 2008 tustini
724 1939 781 2007 lib.
803 1941 863 2010 IV:

248 2103 306 2154 Lux
324 2111 412 2154 octava
429 2119 496 2154 novo
512 2101 639 2154 nascentis
657 2103 756 2155 lumine
774 2101 870 2172 Christi

248 2197 279 2248 In
297 2214 324 2249 se
340 2197 467 2249 volventis
483 2197 587 2265 vestigia
605 2195 712 2248 flexerat
729 2198 799 2258 anni,
821 2206 870 2250 etc.

111 2354 256 2423 Alcimus
267 2352 379 2419 Avitus
388 2353 485 2420 Libro
499 2356 532 2419 in
547 2355 715 2439 Numeros,
727 2357 800 2443 ipsis
814 2356 921 2443 primis
931 2354 1089 2433 versibus,

67 2493 148 2560 quos
168 2465 247 2533 solos
264 2467 362 2532 edidit
380 2464 538 2532 Sirmondi
558 2469 643 2557 Opp.
665 2469 706 2532 T.
728 2467 773 2547 Π,
789 2491 822 2556 p.
836 2469 913 2532 218:
941 2501 946 2511 -s
985 2505 989 2512 ·

244 2629 364 2681 Verterat
381 2628 479 2680 interea
497 2629 579 2680 solitis
596 2647 622 2682 se
640 2629 755 2682 cursibus
771 2647 868 2693 annus,

244 2724 377 2777 Mentibus
396 2724 524 2793 explicitis
541 2741 648 2795 suaper
666 2724 772 2793 vestigia
790 2741 902 2776 currens.

112 2863 278 2930 Paullinus
297 2867 331 2928 in
351 2861 455 2928 Natali
474 2864 534 2928 XI.
558 2887 590 2927 v.
613 2865 690 2928 602:

210 3063 341 3126 Diximus,
363 3071 393 3113 ut
411 3059 509 3130 fugiens
526 3077 579 3112 non
596 3058 702 3127 fugerim
722 3069 803 3130 utque
820 3059 930 3138 redactis

210 3156 326 3207 Passibus
343 3173 459 3208 emensos
476 3174 522 3208 sua
538 3173 584 3225 per
601 3156 708 3224 vestigia
725 3173 812 3208 cursus

206 3251 336 3302 Incassum
353 3252 449 3303 totiens
467 3252 587 3304 volvente
606 3251 722 3320 relegerit
741 3269 808 3305 orso.

114 3419 169 3486 Ad
188 3422 371 3501 sententiam
391 3422 490 3510 ipsam
508 3421 610 3488 multa
621 3421 775 3515 collegit,
796 3431 861 3515 qua
880 3424 1000 3491 solebat
1019 3424 1092 3490 dili-

68 3533 191 3624 gentia,
211 3533 356 3600 Bartbius
373 3535 414 3599 ad
436 3534 602 3602 Claudiani
622 3535 753 3603 Probin.
782 3555 813 3603 et
841 3536 967 3628 Olybrii
994 3537 1087 3602 Cons.

69 3670 100 3712 v.
116 3649 148 3710 2.
179 3647 273 3729 Quod
289 3645 440 3738 Virgilius
456 3647 554 3712 dixit:
576 3657 610 3711 in
623 3673 657 3714 se
670 3649 816 3716 volvitur
832 3674 947 3730 annus,
968 3648 1021 3714 alii
1041 3649 1091 3714 di·
1191 3665 1193 3672 ⁴

69 3774 186 3823 xerunt
205 3755 304 3824 aliter.
325 3759 484 3826 Orientius
506 3758 744 3825 Commonitorii
768 3761 840 3826 Lib.
865 3763 891 3826 Ι.
914 3760 984 3826 dist.
1013 3761 1087 3824 lli:

69 3896 123 3937 »se
152 3868 239 3962 longi
265 3872 407 3962 sequitur
427 3888 495 3936 rota
518 3868 644 3936 mobilis
671 3873 780 3938 anni.''
805 3871 929 3938 Servius
953 3872 993 3936 ad
1017 3870 1087 3938 Ecl.

70 4121 219 4184 insculpendi
242 4123 377 4182 arboribus,
390 4099 431 4168 'ad
450 4135 507 4170 eum
524 4123 603 4171 locum
627 4121 717 4169 notavit
740 4121 781 4170 Vir
803 4121 898 4170 clariss.
925 4121 951 4168 P.
972 4123 1088 4187 Bosscba,
1151 4193 1154 4198 .

71 4231 150 4278 neque
168 4219 308 4268 omittantur
326 4217 453 4276 Addcnda,
473 4231 499 4279 p.
521 4217 594 4274 114„
608 4217 667 4265 ttt.
