2790 5116
492 457 667 522 ..29-

70 633 174 712 aliisque
196 640 225 694 iu
247 640 320 707 locis,
342 641 408 694 Sert.
432 631 538 696 Ursatus
555 661 626 696 mon.
645 643 701 695 Pat.
721 661 749 714 p.
768 645 830 696 266.
867 645 974 700 Maleae.
994 663 1087 700 marm.

71 737 164 790 Felsin.
185 756 213 809 p.
234 742 297 792 226.
328 739 423 793 Goriua
440 739 521 794 inser.
541 741 611 794 Flor·
625 758 653 811 p.
670 744 711 794 12.
730 741 877 814 Glandorp.
896 743 991 797 Onom.
1010 746 1086 798 Rom,

70 849 95 900 p.
115 835 175 885 601.
214 833 279 887 ant.
301 833 458 904 Augustinus
483 835 516 887 de
538 837 636 888 nomin.
661 837 768 907 propriis
785 837 866 891 Pand.
884 839 945 910 Cap.
965 840 987 891 1.
1007 840 1087 894 Thes

71 925 123 977 Jur.
138 926 231 980 Otton.
246 929 324 982 Tom.
341 929 363 982 1.
379 947 405 999 p.
422 933 485 994 265,
504 931 608 1002 aliique.
645 935 753 983 Messium
771 930 880 998 JCtum,
900 935 947 1005 qui
962 952 1021 986 cnm
1038 935 1087 988 Pa-

28 1039 30 1044 ·
72 1023 172 1092 piniano
187 1026 216 1076 in
236 1023 329 1078 eodem
346 1023 476 1078 auditorio
493 1023 577 1098 sedit,
596 1027 637 1078 uti
656 1036 755 1078 constat
773 1044 804 1079 ex
821 1028 850 1078 L.
873 1029 924 1080 ult.
943 1027 973 1080 ff.
991 1036 1019 1082 de
1034 1033 1090 1083 lure

72 1123 145 1180 iliaci,
164 1135 310 1191 quemque,
331 1129 438 1172 notante
458 1121 492 1173 G.
512 1105 605 1176 Grotio
627 1125 658 1172 de
674 1120 734 1172 vn.
756 1120 814 1173 JCt.
833 1121 867 1186 Il,
891 1126 932 1187 11,
953 1121 968 1192 ς
985 1125 1012 1178 7.
1031 1142 1091 1178 cum

72 1217 207 1266 1111110010
227 1218 320 1279 Fusco,
341 1217 459 1278 consule,
485 1225 513 1268 et
526 1217 557 1268 L.
572 1215 685 1286 Turpilli
701 1215 791 1270 Dextri
812 1217 922 1284 collega,
947 1219 1015 1269 male
1032 1217 1090 1270 Ber·

71 1307 176 1360 trandus
201 1307 235 1361 de
255 1308 350 1379 Jurisp.
375 1309 412 1361 Π.
435 1312 479 1362 41.
508 1308 658 1374 contundit,
683 1328 737 1362 non
756 1310 920 1381 improbabili
941 1323 1091 1380 argumento

72 1402 206 1471 Majansius
218 1404 247 1456 in
261 1403 361 1471 Corum.
380 1403 415 1456 ad
434 1403 507 1458 XXX
522 1404 611 1456 JCtor.
632 1404 719 1473 fragm.
743 1405 820 1458 Tom.
844 1405 880 1456 11.
896 1424 922 1476 p.
943 1408 1005 1458 823.
1019 1423 1089 1459 eum-

73 1496 129 1550 dem
148 1507 240 1569 putat,
266 1516 295 1550 ac
320 1503 346 1550 Τ.
367 1503 474 1552 Moenum
495 1505 655 1559 lintricotum,
675 1500 722 1570 qui
737 1497 771 1550 A.
791 1499 824 1550 U.
847 1499 876 1550 C.
898 1502 964 1558 970,
984 1502 1038 1553 sire
1055 1501 1088 1554 A.

73 1591 164 1645 Christi
179 1593 242 1647 217.
260 1611 319 1645 curn
335 1593 365 1647 C.
384 1595 486 1648 Bruttio
498 1595 634 1648 Praesente
645 1592 681 1644 11.
698 1593 793 1646 Consul
811 1594 874 1658 luit,
894 1595 934 1646 uti
950 1605 1091 1648 constatex

73 1686 155 1758 lapide
173 1685 244 1756 apud
260 1685 402 1740 Gruterum
418 1706 443 1758 p.
461 1705 511 1741 ccc.
531 1691 554 1740 1.
571 1689 632 1742 licet
650 1703 788 1742 numerum
804 1691 908 1741 omittat
928 1690 1044 1742 Norisius
1056 1689 1090 1743 de

73 1799 129 1833 ann.
142 1789 171 1833 et
187 1779 285 1850 Epocb.
300 1781 357 1848 Syr.
370 1781 471 1834 Maced.
494 1782 560 1833 Dis's.
576 1782 612 1834 11.
630 1782 659 1834 C.
681 1787 704 1834 l.
723 1801 749 1853 p.
765 1786 808 1838 73.
828 1782 891 1835 vid.
909 1784 1087 1838 Almeloveen.

73 1874 126 1927 fast.
149 1876 247 1928 consul.
270 1892 297 1945 p.
319 1877 381 1930 277.
407 1894 565 1948 quamquam
587 1875 641 1929 Jos.
665 1876 763 1928 Antan.
785 1878 887 1930 Brunus
908 1879 1015 1932 Dissert.
1039 1879 1088 1931 lv.

74 1988 97 2040 p.
114 1972 160 2024 80.
195 1968 291 2023 tetum
307 1969 384 2022 illum
400 1969 523 2021 eumdem
539 1984 591 2022 esse
612 1959 731 2038 conjiciat
749 1989 778 2023 ac
798 1977 827 2024 1..
847 1975 953 2024 Messium
973 1977 1089 2028 limacum

74 2064 116 2134 qui
133 2063 180 2116 sub
200 2060 333 2115 Hadriano
355 2062 432 2116 Alvei
452 2063 553 2115 Tiberis
573 2073 602 2116 et
620 2065 770 2118 cloacarum
785 2065 880 2119 Romae
897 2065 1006 2121 Curatur
1025 2069 1088 2136 init,

34 2229 37 2239 Ι
75 2159 191 2228 cujusque
208 2157 359 2210 memoriam
375 2157 533 2209 conservavit
552 2158 617 2228 lapis
627 2157 697 2228 apud
716 2159 859 2212 Gruterum
875 2177 902 2230 p.
917 2179 1009 2228 oravit,
1023 2167 1050 2216 t.
1064 2175 1092 2218 et

74 2267 166 2315 murm,
183 2254 212 2304 2.
224 2281 261 2294 -
278 2251 345 2302 Cum
364 2261 452 2303 autem
473 2253 565 2304 titulos
581 2251 724 2317 bonorum,
738 2254 785 2325 qui
798 2263 887 2306 nostro
898 2253 1088 2324 adscribuntur,

47 2403 48 2406 Ἴ
75 2347 145 2399 ambo
158 2346 239 2400 nostri
256 2344 340 2399 Codd.
358 2345 480 2399 referrent
496 2349 542 2399 70.
562 2365 599 2398 or.
620 2350 713 2400 Goontia
728 2354 798 2412 panni
813 2354 915 2413 ordinis,
937 2348 1032 2404 dubius
1043 2351 1089 2404 eliu

75 2441 155 2507 haesi,
179 2441 245 2515 quid
264 2460 311 2512 pro
332 2449 369 2508 τῷ
389 2461 425 2498 or.
445 2450 512 2495 esset
528 2442 749 2496 substituendum.
789 2446 835 2495 70.
856 2445 993 2512 significare
1014 2450 1091 2499 Virum

76 2539 239 2602 clamaturum,
259 2546 352 2590 notum
372 2538 432 2588 satis
450 2546 500 2588 est.
521 2548 622 2607 praeter
642 2538 705 2589 alios
721 2535 777 2590 vid.
798 2537 823 2589 S.
838 2537 944 2592 Ursatus
957 2539 1031 2594 Mon.
1044 2542 1090 2595 Pa·

75 2641 123 2684 ter.
138 2651 164 2704 p.
181 2634 244 2684 241.
281 2629 380 2683 Auctor
395 2629 521 2684 Notarnm
535 2629 709 2684 Juridicarnm
722 2649 750 2702 p.
775 2635 851 2687 1670.
871 2632 945 2686 Edit.
964 2634 1089 2690 Putscbii:

76 2729 100 2779 0.
120 2731 145 2778 7.
164 2729 293 2779 Gloriam
312 2728 368 2777 Viri.
385 2726 412 2776 0.
429 2729 461 2776 11.
478 2727 504 2776 7.
520 2727 649 2776 0101110601
665 2742 741 2777 morea
758 2730 811 2778 uiri.
825 2726 869 2778 ubi
882 2726 1021 2797 legendum
1037 2748 1091 2784 esse

75 2823 216 2874 Glorianmce
233 2825 356 2872 memoriae
373 2825 430 2883 utri,
447 2836 480 2870 ex
495 2818 623 2888 Magnone
631 2858 640 2883 ,
659 2829 686 2871 ct
702 2817 821 2884 aliunde,
840 2820 915 2874 facile
930 2823 1033 2876 oaoendi
1045 2842 1090 2895 po·

74 2924 132 2968 test.
167 2916 228 2968 Fuit
244 2924 344 2978 autem,
365 2931 425 2966 cum
445 2913 610 2982 conjicerem,
634 2913 746 2966 alterum
768 2915 958 2984 Gnegligentia
975 2917 1088 2970 librario·

72 3026 128 3060 rum
145 3008 177 3060 ob
192 3007 388 3080 praecedentem
408 3008 511 3060 literam
526 3005 650 3059 eamdem
662 3006 737 3058 fuisse
749 3009 883 3074 omissum,
899 3009 1090 3085 legendumque

76 3105 118 3153 70.
135 3106 162 3156 0.
179 3107 231 3154 ΟΡ.
251 3105 355 3174 ejusque
367 3101 476 3153 ultimae
492 3109 569 3152 notae
579 3099 777 3169 expositionem,
790 3101 824 3152 ab
835 3102 886 3154 alio
901 3101 966 3158 forte
980 3109 1090 3176 margini

74 3195 233 3268 adscriptam,
256 3205 344 3266 postca
361 3213 420 3246 curn
434 3195 486 3264 ipsa
507 3203 569 3246 nota
594 3194 744 3258 cohaesisse,
765 3194 878 3268 hincque
898 3200 1024 3252 rationem
1045 3219 1089 3272 pe.

74 3290 187 3355 tendam,
207 3308 253 3344 our
268 3292 304 3342 τὰ
321 3293 414 3341 nmen
430 3295 498 3354 priori
520 3293 606 3340 ordalia
628 3289 657 3340 in
674 3287 757 3342 codd.
773 3291 839 3342 inter
857 3293 949 3346 titulos
963 3293 1010 3347 bos
1022 3313 1089 3349 com·

74 3397 181 3454 pareant.
194 3388 233 3438 ita
249 3401 310 3436 sane
325 3383 418 3451 Magno
433 3401 460 3453 p.
477 3384 554 3434 1546.
569 3391 596 3433 et
605 3381 731 3434 Natarum
742 3382 851 3436 Juridic.
862 3384 960 3438 Auctor
972 3385 999 3438 d.
1010 3388 1031 3440 l.
1041 3398 1090 3441 00·-

73 3490 122 3533 tam
139 3485 164 3534 0.
185 3485 216 3533 0.
236 3484 266 3531 Ρ.
288 3478 418 3548 explicant
435 3493 480 3545 per
491 3479 589 3527 00011101
606 3479 699 3527 Ordinis
717 3480 799 3528 Primi.
836 3477 895 3530 Pari
907 3478 985 3532 modo
1002 3483 1089 3535 literas

73 3576 133 3628 illas·
145 3575 285 3646 singulares
311 3577 350 3624 17.
370 3577 417 3623 lut.
445 3575 492 3622 att.
514 3573 579 3622 Gom.
606 3575 663 3623 θνα.
684 3576 730 3623 Pr.
748 3583 812 3643 quas
827 3573 855 3624 in
869 3573 969 3625 Notitia
983 3573 1089 3647 Imperii

73 3687 123 3738 pag.
142 3673 186 3722 61.
206 3671 250 3724 79.
268 3670 312 3719 86.
332 3669 376 3718 88.
400 3668 444 3718 89.
466 3667 509 3717 91.
533 3674 561 3716 et
583 3665 659 3730 alibi,
679 3665 827 3734 praeferunt
844 3666 957 3720 codicilli
978 3665 1087 3736 dignita·

73 3771 137 3828 tum,
156 3758 363 3834 interpretandas
378 3777 444 3824 esse,
465 3763 579 3810 Feliciter.
599 3764 664 3812 luter
682 3765 778 3813 allectos
792 3763 890 3813 Comiter
908 3767 995 3813 orcitus
1007 3768 1085 3827 pruni,

72 3869 150 3912 censet
164 3858 219 3911 100.
239 3853 416 3909 Gotbofredus
428 3850 462 3904 ad
473 3852 504 3902 L.
515 3871 560 3904 un.
578 3851 608 3904 C.
623 3851 772 3908 Theoi-de
790 3857 871 3911 00001.
887 3867 909 3906 et
928 3859 992 3906 Trib.
1007 3857 1086 3906 Schol.

73 3949 103 4003 T.
117 3953 151 4006 11.
171 3971 199 4024 p.
218 3953 278 4005 100.
296 3950 377 4002 11.-
394 3946 445 4001 Sed
456 3964 531 4010 vero,
545 3947 607 3997 licet
616 3946 798 4016 probabilitate
809 3965 854 3998 sua
865 3965 919 4000 non
930 3947 1087 4001 destituatur

72 4045 113 4097 illa
127 4051 279 4118 conjectura,
292 4045 335 4097 vel
348 4045 385 4095 sic
401 4052 487 4094 tamen
502 4039 608 4092 mallem
624 4058 671 4110 pro
683 4043 731 4092 011.
751 4041 833 4109 legere
845 4045 896 4094 011,
909 4040 942 4124 ¹ld
955 4045 1087 4095 00101001-

72 4148 154 4206 00600
174 4141 306 4212 adquam
324 4137 532 4190 emendationem
555 4132 647 4186 ducere
669 4151 717 4186 nos
734 4131 839 4187 videtur
855 4133 921 4186 Cod.
942 4135 996 4188 MS.
1016 4136 1088 4190 unde

72 4235 171 4290 titulum
190 4237 250 4292 libri
268 4231 388 4306 producit
404 4231 428 4282 J.
448 4229 480 4282 A.
501 4228 630 4281 Fabricius
647 4227 677 4280 B.
689 4228 718 4280 b.
738 4228 800 4280 Vol.
812 4229 861 4282 llI.
874 4246 930 4299 pag.
945 4232 1007 4282 914.
1021 4248 1088 4300 quae
