2790 5116
361 1139 812 1236 APPENDIX.

406 1721 547 1792 CAPUT
574 1719 767 1800 Plinium,

189 1895 276 1982 'Quo
308 1895 347 1959 de
362 1979 366 1988 ι
381 1908 508 1960 auctore
540 1896 632 1984 hujus
665 1893 778 1960 Ltbeltt
809 1891 982 1960 disseritur.

506 2114 672 2146 -000—

70 2265 284 2360 Athenaeum
313 2289 621 2372 Amstelodumense,
651 2291 856 2382 antiquarum
876 2317 1005 2385 quoque
1025 2291 1098 2362 lite-

69 2431 184 2475 rarum
210 2407 330 2497 insigne
356 2427 478 2495 semper
501 2405 596 2472 decus
618 2419 649 2469 et
671 2407 880 2493 praesidium,
903 2407 1100 2495 praecedenti

70 2517 179 2588 seculo
210 2517 379 2586 illustravit
408 2518 520 2584 Petrus
548 2521 748 2586 Burmannus
776 2518 948 2586 Secundus.
1002 2519 1101 2610 Cujus

69 2635 131 2698 tiri
150 2633 291 2725 egregiae
310 2629 489 2724 diligentiae
507 2647 544 2697 ut
565 2649 655 2699 testes
670 2650 745 2698 sunt
758 2629 917 2722 praeclara
931 2657 1044 2723 opera,
1056 2635 1100 2700 ita

71 2771 228 2839 magnum
245 2745 472 2811 documentum
492 2744 639 2834 praebuit
655 2745 794 2836 ejusdem
813 2741 1025 2827 bibliotheca,
1049 2747 1100 2812 di-

70 2862 191 2926 tissima
219 2857 308 2924 libris
338 2857 483 2939 ineditis,
523 2881 603 2948 quos
632 2881 781 2948 magnam
806 2873 929 2945 partem
955 2859 1020 2946 ipse
1043 2881 1100 2924 sum

71 2995 175 3038 mnnu
199 2971 409 3060 descripserat.
457 2971 497 3044 In
513 2969 563 3036 his
576 2969 706 3036 fitenmt
725 2969 789 3035 duo
808 2968 990 3059 apographa
1011 2969 1100 3053 Qua·

73 3083 181 3175 drigae
209 3081 358 3150 Anniani
391 3082 495 3148 Messii
533 3098 604 3148 tum
639 3080 784 3148 nondum
818 3083 901 3172 typis
933 3065 1097 3173 vulgatae:

72 3219 198 3278 unum,
221 3194 308 3286 quod
332 3197 396 3286 ipse
418 3195 618 3285 descripserat
638 3219 676 3261 ex
705 3193 820 3264 Codice
840 3193 1027 3263 D’Orvillii:
1051 3193 1101 3263 al-

74 3325 180 3376 terum
210 3305 271 3374 alia
295 3303 402 3374 'manu
426 3307 596 3397 scriptum,
619 3308 709 3400 quod
741 3309 958 3400 apographum
989 3335 1101 3376 secun-

74 3423 148 3489 dum
181 3423 332 3488 dicemus.
392 3417 577 3513 Utrumque
620 3424 864 3490 communicavit
899 3448 974 3489 cum
1006 3424 1102 3488 Petro
1244 3461 1246 3466 ·

73 3535 237 3602 Bondamo
245 3583 256 3616 ,
291 3536 348 3624 qui
367 3552 488 3625 quomo
507 3535 611 3600 studio
631 3533 791 3602 veteribus
806 3534 1024 3601 Grammaticis
1038 3537 1102 3601 La·

74 3648 146 3714 tinis
180 3671 309 3736 operam
340 3647 478 3725 dederit,
508 3642 636 3710 abunde
664 3661 818 3711 testantur
842 3649 908 3736 ejus
928 3645 1100 3714 variarum

73 3759 261 3827 Lectionum
294 3757 370 3824 libri
400 3759 482 3840 duo,
512 3755 588 3821 editi
616 3757 813 3847 Zutphaniae
841 3757 883 3825 A.
923 3759 1020 3825 ttttt.
1067 3759 1099 3826 Is

73 3895 156 3939 anno
191 3871 280 3939 1760
304 3871 441 3937 alterum
468 3863 687 3958 apographum
717 3865 895 3958 descripsit,
932 3891 970 3935 ex
1000 3865 1100 3938 altero

74 3977 226 4076 excerpsit
251 3987 405 4052 variantes
433 3977 599 4059 lectiones,
629 4003 665 4046 eo
696 3977 825 4047 consilio
855 3997 893 4047 nt
926 3980 1098 4073 aliquando

73 4076 159 4166 hunc
177 4096 318 4177 librum,
343 4096 424 4162 notis
442 4096 505 4161 suis
529 4090 740 4175 illautratum,
764 4096 798 4160 in
813 4089 919 4160 lucem
931 4093 1096 4184 proferret.

74 4205 180 4302 Atque
209 4209 379 4278 editionem
410 4230 517 4273 revera
536 4202 714 4288 inchoavit,
737 4206 791 4274 sed
806 4229 872 4273 non
892 4205 1036 4296 perfecit:
1061 4227 1109 4277 ut
