2790 5116
576 388 731 426 ...1-

113 543 246 634 Neque
280 544 361 611 illud
390 547 499 614 Vossio
529 549 698 614 concedere
730 572 873 638 possum:
907 554 1054 638 majorem
1088 556 1153 619 vim

115 658 228 724 inesse
250 662 436 741 sententiae,
453 663 477 726 si
494 662 534 727 de
552 663 617 750 ipso
633 665 746 730 amoris
760 661 875 730 affectu
892 665 969 730 haec
983 668 1150 755 capiamus.

115 767 260 837 Amoris
268 790 434 864 augmenta
444 796 533 864 saepe
540 773 696 868 eleganter
712 797 786 843 cum
797 779 994 844 incrementis
1003 779 1153 848 arborum

116 904 375 973 comparantur:
403 904 439 952 ut
457 887 609 980 Virgilius
623 889 702 956 infra
723 894 758 958 in
776 892 836 958 hac
858 894 922 982 ipsa
942 892 1060 986 Ecloga
1079 895 1154 985 pul-

115 997 288 1066 cherrime
305 1001 402 1067 dixit:

274 1168 368 1232 Gallo,
387 1171 459 1238 cujus
476 1187 546 1222 amor
564 1179 667 1224 tanturn
684 1171 751 1224 mibi
768 1172 856 1224 nescit
877 1173 907 1224 in
923 1172 1011 1240 horas,

275 1265 406 1332 Quantum
424 1283 485 1324 vere
501 1287 568 1322 novo
585 1268 676 1322 viridia
692 1287 719 1322 se
737 1269 840 1338 subjicit
857 1269 940 1323 aluus.

117 1450 285 1518 Laberius
312 1453 351 1519 de
382 1477 487 1523 amore
519 1479 594 1536 suo,
628 1457 742 1520 eitante
774 1453 905 1520 Aurelio
931 1455 1095 1522 Antonino
1120 1459 1154 1522 in·

116 1565 217 1661 Epp.
242 1565 411 1634 Frontonis
429 1567 469 1633 ad
489 1567 537 1632 M.
556 1567 718 1632 Qesarem
734 1567 779 1645 ΙΙ,
798 1568 818 1631 9
838 1567 900 1650 (ed.
921 1568 1013 1634 Rom.
1030 1592 1063 1656 p.
1082 1570 1151 1657 50:

119 1661 258 1744 »amor
268 1696 342 1746 tuus
356 1697 421 1745 tam
434 1681 496 1746 cito
510 1681 617 1743 crescit
629 1701 727 1768 quam
739 1701 871 1766 porrus,
885 1697 950 1743 tam
956 1659 1046 1746 firme
1058 1705 1155 1772 quam

120 1788 295 1878 »palma.''
312 1786 615 1880 IpeeFronto,'ibid.
637 1790 704 1868 1,ss
724 1789 767 1880 (p
790 1790 836 1878 t):
857 1791 969 1856 »Tuus
986 1792 1080 1882 igitur
1100 1795 1160 1858 iste-

78 1898 81 1903 ’
121 1925 246 1967 »amor
265 1901 403 1968 inutltus
422 1918 453 1966 et
469 1902 534 1967 sine
553 1902 671 1966 ratione
687 1918 830 1982 exortus,
849 1925 939 1990 spero
960 1925 1034 1968 cum
1057 1905 1154 1971 cedris

122 2039 141 2076 u
148 2037 253 2102 porro
272 2011 424 2080 adolescat
438 2029 468 2078 et
482 2011 642 2080 aesculis.”
665 2013 788 2080 Verum
808 2013 849 2079 ab
860 2014 908 2080 his
925 2014 1064 2082 diversus
1079 2034 1155 2084 esset

27 2159 33 2174 ·
124 2124 225 2191 locus
243 2143 358 2208 noster,
375 2129 487 2218 inquo
502 2151 550 2192 res
567 2127 610 2192 ita
628 2142 870 2214 proponeretur,
887 2128 976 2217 quasi
988 2132 1156 2218 conjuncta

127 2240 193 2304 ista
209 2256 307 2305 essent
324 2241 572 2330 quodammodo,
590 2255 628 2305 ut
642 2255 800 2330 qttsntum
817 2261 934 2306 nomen
953 2257 1072 2322 amatae
1093 2265 1156 2330 pu-

125 2349 214 2417 ellae
237 2355 270 2417 in
297 2353 429 2434 cortice,
456 2369 582 2419 tantum
606 2355 701 2442 ipsius
716 2375 816 2430 ,amor
842 2356 875 2419 in
903 2355 1008 2420 animo
1035 2358 1162 2444 juvenis

126 2482 294 2532 cresceret:
316 2488 397 2556 quae
421 2467 571 2533 sententia
590 2484 673 2534 caret
689 2467 836 2546 veritate,
856 2483 887 2531 et
908 2467 1002 2531 nimis
1027 2470 1157 2557 quaesiti

124 2579 285 2643 acuminis
313 2595 369 2644 est.
401 2577 529 2670 Relegat
552 2565 632 2643 mihi
657 2580 728 2668 quis
745 2579 935 2674 epigramma
958 2577 1078 2645 Floridi
1090 2629 1100 2660 ,
1122 2582 1161 2647 in..

126 2715 200 2780 quo
220 2693 370 2756 sententia
390 2689 444 2755 illa
464 2689 568 2756 verbis
584 2691 654 2756 satis
670 2688 865 2782 elegantibus
879 2713 1018 2778 expressa
1037 2707 1103 2757 est:
1125 2711 1155 2758 et

127 2804 263 2886 sentiet,
278 2805 312 2868 ni
331 2801 437 2883 fallor,
459 2805 602 2868 animum
619 2826 712 2874 suum
728 2800 819 2868 nulla
835 2804 868 2867 vi
883 2804 1041 2868 suavitatis
1061 2803 1158 2872 affici„

129 2916 253 2983 Contra
277 2918 311 2982 in
335 2914 430 2980 altera
452 2913 656 3003 explicatione
677 2930 722 2978 est
742 2911 873 3001 simplex
894 2937 1002 2980 rerum
1021 2917 1152 2995 veritas,

130 3049 165 3097 et
187 3032 291 3095 nativa
312 3045 467 3094 venustas.
491 3067 532 3077 —-
553 3025 698 3114 Denique
717 3026 931 3113 interpretatio
954 3027 1010 3091 ista
1031 3043 1155 3092 senten-

131 3146 196 3208 tiae
215 3144 310 3209 totius
330 3139 392 3206 loci
412 3141 604 3206 adversatur.
636 3135 718 3202 Nam
745 3133 857 3202 Gallus
885 3137 918 3202 in
942 3137 990 3204 his
1015 3138 1156 3206 versibus

132 3254 222 3344 apud
241 3256 383 3320 animum
402 3276 495 3319 suum
509 3247 669 3318 constituit
688 3251 733 3315 ire
753 3251 788 3314 in
804 3248 990 3336 Arcadiam,
1016 3268 1053 3316 ut
1075 3254 1155 3318 vitae

134 3369 311 3456 pastoritiae
323 3364 491 3438 ,laboribus
510 3380 542 3429 et
560 3361 817 3428 delectationibus
839 3363 994 3430 inveniret
1011 3363 1156 3433 levamen

136 3479 311 3559 malorum,
333 3503 414 3568 quae
438 3499 599 3541 examore
619 3473 806 3563 patiebatur.
831 3476 902 3541 Jam
923 3479 947 3540 si
970 3477 1069 3556 dicat,
1089 3477 1155 3542 fore

136 3609 174 3658 ut
193 3616 281 3657 amor
303 3589 376 3672 ille,
403 3613 467 3680 quo
492 3587 633 3676 peribat,
664 3588 744 3653 dum
770 3589 852 3653 inter
873 3595 1007 3676 pastores
1030 3581 1155 3678 degeret

136 3707 233 3796 magis
248 3705 341 3768 etiam
354 3701 451 3767 indies
467 3715 631 3766 cresceret:
647 3716 787 3789 apparet,
806 3715 999 3789 quantopere
1017 3698 1079 3765 hoc
1098 3704 1155 3766 toti

136 3816 205 3884 loco
227 3833 392 3907 repugnet.
411 3813 511 3880 Sensit
534 3812 568 3876 id
586 3813 650 3900 ipse
667 3811 811 3890 Servius,
831 3828 869 3874 ut
890 3808 966 3874 solet
986 3833 1048 3875 esse
1064 3836 1155 3878 accu-

137 3947 242 4010 ratus,
266 3929 386 3994 dicens:
410 3924 526 4010 »Quasi
543 3925 571 3988 ei
593 3924 708 3988 iterum
729 3919 889 4010 displicet,
911 3945 951 3987 ne
970 3945 1044 3988 cum
1061 3923 1155 3990 arbo-

138 4043 247 4110 »ribus
260 4046 325 4131 ejus
342 4056 478 4106 crescant
492 4037 644 4104 amores.”
666 4035 789 4103 Verum
801 4016 860 4098 ista
878 4036 971 4100 etiam
987 4041 1153 4121 sententia,

128 4159 226 4247 ,quasi
248 4159 310 4244 jam
337 4157 450 4220 iterum
471 4149 583 4219 Gallus
609 4146 772 4216 consilium
801 4172 893 4214 suum
916 4151 1077 4238 repudiet,
1103 4153 1155 4216 hic
