2790 5116
525 483 678 547 ..3-

94 692 216 735 scuram
229 667 453 758 affligentium]
476 669 619 756 Respexit
637 667 714 734 baec
734 667 876 733 Donatus
895 667 1050 734 ad-rerba
1064 661 1109 736 ¹in

93 779 231 870 Adelph.
248 777 333 845 Prol.
349 803 381 846 r.
404 781 462 844 ll:
484 778 832 870 locum‘lleprebeneum
851 788 905 870 qni
917 791 1109 868 praeteritus

92 895 279 984 negligentia
294 907 358 973 est,
370 891 522 960 scribens:
535 893 779 982 »Negligentias
790 889 895 958 Plauti
905 890 1035 976 scilicet,
1051 918 1110 962 cu-

92 1011 159 1094 »jus
176 1005 328 1072 aemulari
345 1029 432 1072 nuno
453 1021 578 1094 exoptat
591 1003 844 1096 negligentiam''3
864 1004 922 1070 ubi
939 1003 1109 1097 legendum
1142 1047 1150 1061 ·

90 1117 224 1184 ridetur:
241 1141 326 1183 nnnc
341 1141 404 1183 non
418 1131 546 1207 exoptat
561 1134 620 1183 etc.
639 1119 798 1186 Eumdem
816 1117 905 1184 huno
922 1117 1029 1184 locum
1046 1117 1112 1186 ele-
1230 1151 1233 1157 ¹

88 1247 198 1320 genter
220 1231 368 1319 expressit
393 1229 535 1310 Probus,
562 1229 800 1296 Institutionum
823 1229 1110 1298 Grammaticorum

89 1344 162 1411 Lib.
183 1345 227 1410 Π.
246 1369 343 1436 segm.
367 1345 426 1413 IV.
448 1345 517 1434 §t
532 1345 578 1434 (p.
598 1346 672 1410 lid.
695 1362 774 1410 extr.
795 1345 845 1410 ed.
867 1345 1106 1434 Lindemann.):

89 1483 250 1551 »quorum
268 1460 434 1527 obscuram
444 1461 588 1550 peritiam
604 1459 767 1542 devitabo,
780 1455 909 1528 illorum
919 1457 1110 1525 nobilissima

90 1575 301 1669 »negligentia
322 1577 517 1644 decoratus.”
590 1605 595 1616 ·

23 1757 25 1762 ,
96 1713 100 1720 ·
133 1689 187 1758 Ad
204 1715 237 1758 v.
256 1689 316 1757 ult.
342 1690 552 1779 Spectandae,
568 1685 869 1774 aneaigendaeeint
884 1685 976 1750 nobie
986 1685 1109 1776 prinu]

89 1801 249 1868 Donatus:
270 1799 493 1890 affligendae,
509 1796 754 1864 excludendae.''
772 1797 892 1868 Pariter
905 1795 989 1861 idem
1001 1799 1035 1861 in
1051 1796 1112 1862 hau

90 1938 124 1980 re
138 1915 329 1982 excludendi
348 1910 446 1978 verbo
463 1934 537 1976 usus
553 1926 597 1975 est
617 1909 658 1974 ad
673 1910 787 2000 Hecyr.
807 1905 894 1973 Prol.
914 1906 1004 1974 alter.
1022 1932 1055 1975 v.
1076 1910 1108 1974 7:

90 2051 216 2118 »quum
226 2027 349 2114 Hecyra
359 2021 480 2115 exclusa
489 2021 562 2087 sit.”
575 2020 653 2088 ibid.
671 2019 712 2086 ad
723 2044 756 2089 v.
776 2022 829 2086 13:
843 2041 875 2086 v.
893 2022 948 2086 ate
969 2036 1002 2085 et
1019 2019 1107 2087 alibi.

90 2139 179 2222 Quae
203 2161 266 2203 vox
286 2137 426 2226 primum
450 2134 529 2200 mihi
553 2135 658 2200 minus
680 2151 752 2222 apta
777 2132 961 2200 videbaturt'
976 2150 1015 2199 ut
1033 2135 1112 2200 adeo

91 2251 276 2342 cogitarem,
297 2273 377 2315 num
399 2248 479 2314 sorte
497 2250 531 2313 in
551 2249 682 2337 explosa
696 2248 849 2314 mutanda
864 2264 950 2313 esset.
973 2246 1035 2316 Sed
1051 2247 1112 2314 ob·

90 2357 209 2428 servavi
216 2411 226 2443 ,
241 2361 404 2428 recentiori
415 2361 582 2428 Latinitate
598 2357 735 2426 verbam
747 2359 845 2426 hocce
861 2383 950 2449 saepe
965 2358 1010 2426 ibi
1020 2359 1112 2426 luisse

90 2473 286 2554 adhibitum,
305 2471 363 2538 ubi
383 2489 571 2562 exspectares
583 2481 723 2562 exigere,
739 2476 861 2562 ejicere,
878 2475 1047 2562 expellere,
1060 2471 1112 2542 vel

89 2585 198 2654 simile.
225 2585 370 2667 Servius,
395 2585 484 2651 hunc
507 2586 612 2674 ipsum
637 2583 745 2650 locum
772 2585 910 2651 Terentii
933 2589 1049 2670 citans,
1072 2589 1113 2656 ad

90 2699 179 2792 Virg.
202 2698 288 2766 Aen.
314 2700 358 2764 II.
383 2700 459 2764 357:
482 2697 576 2787 (lupi)
599 2719 675 2788 quoe
688 2697 836 2786 ¹improba
855 2707 977 2764 nennio
995 2701 1116 2789 Exegit

85 2835 193 2878 caeam
216 2813 332 2891 rabies,
345 2813 479 2898 scripsit:
501 2813 662 2898 »Enegitr
683 2808 830 2891 exclusit,
853 2810 893 2876 de
908 2811 1036 2878 latebris
1055 2815 1115 2878 sci·

88 2921 200 2990 nlicet:
232 2939 270 2988 ut
291 2924 420 2987 Terent.
452 2921 648 3008 Spectandae
670 2901 713 2985 an
738 2923 913 3009 exigendae
935 2934 999 2990 sint
1021 2926 1115 2992 nobie
1202 2963 1207 2974 =

88 3059 103 3099 n
103 3037 233 3126 print.”
244 3033 312 3104 Ubi
323 3035 527 3102 Burmannus
536 3055 596 3122 pro
605 3031 740 3097 exclusit
748 3033 940 3106 commodius
950 3033 1011 3128 legi
1026 3059 1113 3125 posse

88 3157 226 3216 cateruis
238 3147 382 3236 putabat.
402 3146 492 3213 Idem
505 3145 630 3214 Servius
640 3144 680 3210 ad
690 3142 772 3212 Aen.
785 3145 850 3226 III,
869 3147 952 3213 att:
975 3150 1037 3216 nde
1051 3150 1113 3218 hoc

89 3261 247 3329 »Leucate
263 3279 413 3328 amatores
429 3283 461 3326 ee
477 3263 512 3324 in
527 3282 626 3344 mare,
648 3258 689 3324 ad
704 3257 938 3328 excludendum
951 3288 1110 3345 amorem,
1162 3311 1164 3316 -

92 3375 315 3463 »praecipitare
327 3367 564 3439 'dicebantur'b‘
576 3370 633 3438 uhi
652 3373 767 3438 iterum
787 3374 1006 3442 Burmannus:
1025 3401 1114 3442 nme-

94 3483 174 3550 »lim
196 3485 325 3575 (inquit)
345 3487 390 3550 ad
402 3485 619 3550 excutiendam
634 3485 806 3550 amorem.”
822 3483 895 3551 Alia
911 3503 1010 3553 tentat
1027 3490 1061 3552 in
1077 3512 1115 3553 eo

93 3594 162 3662 loco
184 3597 384 3662 Burmannus
402 3596 563 3664 Secundus
579 3595 620 3660 ad
635 3597 778 3684 Propert.
798 3620 832 3685 p.
853 3599 929 3663 338:
949 3600 995 3663 ad
1009 3601 1117 3663 elnen-

96 3710 188 3792 dnm,
207 3727 279 3776 aut:
302 3708 581 3802 exstinguendum
599 3725 630 3772 et
644 3709 873 3778 Ruhnkenium
887 3713 1047 3802 conjecisse
1064 3737 1116 3777 re-

91 3819 169 3887 fert:
186 3823 232 3888 ad
244 3821 419 3888 eruendum
438 3843 585 3886 amorem.
602 3818 663 3886 Sed
676 3819 766 3904 nulla
777 3825 951 3889 mutatione
963 3829 1115 3912 opus‘esse

91 3936 226 4002 videtur.
238 3933 516 4003 Simillt'muelouus
526 3933 630 4002 Sancti
640 3935 842 4026 Hieronymi,
851 3934 924 4002 Lib.
936 3936 979 4000 Il.
991 3937 1112 4003 advers.

96 4049 316 4129 Iovinianam,
329 4049 483 4113 narrantis
493 4046 532 4112 de
539 4047 677 4138 Diogene
687 4047 744 4135 qui
752 4046 832 4139 febri
840 4047 1024 4114 vexabatur:
1037 4074 1053 4112 n
1058 4073 1116 4140 per
1185 4125 1187 4129 ,

92 4178 239 4226 »noctem
254 4159 327 4226 eliso
338 4160 483 4252 gutture,
503 4183 569 4226 non
587 4177 653 4224 tam
672 4160 753 4224 mori
771 4183 802 4224 se
817 4163 871 4244 ait,
889 4185 986 4252 quam
995 4161 1116 4229 febrem

96 4289 216 4338 nmorte
242 4270 441 4340 excludere.''
471 4272 560 4337 Idem
584 4273 617 4337 in
644 4280 713 4337 vita
738 4271 912 4338 Hilarionis
936 4275 1114 4340 Eremitae:

899 4387 942 4447 ¹*
