2790 5116
696 407 873 470 ...46-

266 591 409 678 proximo
427 586 565 657 Sallustii
588 589 762 683 fragmento
777 593 871 655 etiam
885 592 984 656 nostri
997 589 1121 656 cada:
1141 588 1180 654 L.
1196 589 1312 656 liasti-

267 701 342 782 bus,
362 703 448 768 unde
471 704 671 772 Burmannus
690 703 757 772 Sec.
781 702 930 770 faciebat:
954 704 992 767 L.
1017 702 1181 768 Hostilius.
1211 701 1313 768 Hinc

266 816 309 880 ita
338 816 412 880 citat
434 815 643 883 Ruhnkenius
662 818 704 883 ad
724 815 887 906 Vellejum
908 840 941 904 p.
969 815 1045 881 300.

267 952 300 1015 p.
324 930 401 992 943.
426 929 478 992 in:
513 930 553 993 In
577 933 689 1018 majus.
729 929 838 997 Verba
860 926 1000 995 Sallustii
1022 927 1085 994 hoc
1109 927 1221 994 ordine
1241 951 1312 992 ex-

266 1039 379 1106 hibent
408 1042 540 1107 Leidd.:
565 1043 653 1106 Haec
670 1056 835 1131 postquam
861 1042 966 1105 Varro
988 1040 1110 1104 audiuit
1133 1047 1166 1102 in
1191 1041 1309 1126 majus

266 1160 300 1216 in
328 1175 382 1217 ore
407 1177 575 1220 rumorum.
601 1152 688 1219 Illud
707 1165 739 1218 iu
759 1179 813 1220 are
836 1156 878 1218 ita
900 1169 1074 1218 correxerat
1094 1151 1307 1235 Bondamus,

266 1281 304 1329 ut
328 1263 402 1330 secit
430 1265 677 1332 Lindemannus.
721 1265 918 1354 Corruptum
941 1283 986 1330 est
1007 1289 1045 1329 ex
1065 1262 1135 1329 loco
1155 1260 1309 1330 Sallustii

267 1378 476 1465 praecedenti.

267 1516 300 1579 p.
319 1492 396 1556 950.
421 1493 474 1556 in:
503 1491 690 1557 Obtrectatio
704 1492 765 1576 illi,
783 1492 817 1556 in
839 1489 909 1556 loco
926 1487 1065 1556 Sallustii
1086 1511 1144 1577 pro
1166 1503 1308 1554 eaaetos

266 1604 377 1670 Leidd.
400 1618 499 1668 recte:
520 1617 662 1668 exactor.
701 1604 745 1669 Et
765 1602 846 1668 sorte
862 1618 907 1668 est
928 1601 1083 1668 mendum
1104 1601 1306 1692 typographi

267 1717 352 1803 apud
373 1716 640 1782 Lindemannum.

266 1852 301 1916 p.
326 1830 403 1893 951.
428 1829 461 1892 in
478 1829 630 1892 Paeiseor
642 1827 680 1892 de
690 1828 757 1892 illa.
783 1827 822 1893 In
833 1826 1008 1918 fragmento
1023 1823 1152 1891 Sallust.
1171 1825 1255 1892 Hist.
1267 1829 1301 1892 Ι.

267 1941 503 2007 Lindemannus
526 1964 584 2028 pro
603 1939 739 2005 libertati
755 1939 835 2005 forte
850 1939 1021 2031 legendum
1041 1938 1116 2003 dicit
1138 1939 1301 2005 libertate.

267 2054 311 2119 Et
330 2056 374 2118 sic
389 2053 540 2119 exhibent
559 2053 670 2118 Leidd.

267 2193 301 2257 p.
327 2171 405 2233 252.
435 2170 469 2232 in
494 2169 675 2232 Proximus.
720 2167 856 2233 Leidd.:
882 2177 936 2258 qui
957 2175 1103 2256 proaimi
1119 2165 1203 2231 locos
1223 2167 1305 2231 llos-

267 2291 363 2362 tium;
388 2305 466 2370 pro:
492 2282 581 2360 laea,
607 2298 644 2345 ut
669 2283 767 2346 estin
788 2279 917 2372 vulgata
934 2262 1095 2346 lectione.¹

267 2417 300 2482 p.
325 2395 401 2459 255.
422 2395 456 2457 in
476 2394 601 2457 Poenas
621 2390 658 2482 (s.
683 2393 823 2482 Poenae)
843 2395 939 2459 illius.
979 2392 1113 2457 Leidd.:
1136 2391 1220 2456 Nam
1244 2400 1303 2454 in-

259 2508 351 2592 juria
371 2505 582 2583 validiorum,
606 2527 681 2592 pro:
707 2507 853 2592 injuriae.

267 2641 300 2705 p.
337 2617 414 2682 256.
446 2619 479 2679 in
506 2615 677 2679 Praelueeo
709 2616 796 2682 milli.
842 2617 880 2680 In
902 2613 1039 2682 Sallustii
1057 2613 1128 2680 loco
1151 2638 1209 2703 pro
1232 2615 1304 2702 Qui

267 2735 454 2800 Praetores:
472 2731 597 2798 fortasse
621 2733 724 2819 Quum
739 2733 907 2799 Praetores
924 2733 1127 2798 scribendum
1140 2756 1203 2797 esse
1217 2731 1302 2798 dicit

266 2847 412 2912 Lindem.
430 2844 532 2912 Aliter
553 2859 742 2912 succurrunt
760 2845 871 2912 Leidd.
899 2844 1052 2938 legentes:
1081 2847 1165 2934 Quia
1182 2844 1296 2911 Praei.

267 2984 300 3048 p.
331 2961 407 3025 257.
435 2960 485 3024 in:
515 2960 656 3047 Querar:
680 2959 813 3024 Sallust.
842 2959 963 3024 Hister.
992 2959 1079 3024 Nam
1100 2957 1207 3043 Syllae
1230 2959 1302 3022 da-

266 3083 467 3140 minationem
484 3084 572 3165 queri
589 3099 652 3140 non
670 3075 816 3139 audebat.
857 3075 952 3140 Hunc
970 3071 1078 3139 locum
1095 3071 1233 3140 Sallustii
1255 3074 1301 3138 ad

266 3187 348 3252 Hist.
373 3189 425 3252 lib.
452 3189 479 3251 I.
503 3210 642 3275 expresse
661 3184 802 3251 referiunt
821 3185 922 3252 Codd.
950 3186 1076 3251 Leidd.·
1110 3187 1167 3251 Est
1187 3201 1302 3250 autem
1350 3227 1351 3234 .

267 3297 350 3362 idem
377 3301 442 3363 sine
468 3297 567 3364 dubio
588 3297 675 3363 locus
685 3347 695 3378 ,
719 3298 805 3363 unde
829 3299 907 3364 haec
925 3300 1062 3363 citantur
1079 3298 1165 3388 apud
1185 3298 1299 3364 Dona-

267 3427 337 3474 tum
351 3410 392 3475 ad
408 3411 538 3477 Terent.
560 3409 691 3474 Phorm.
710 3410 753 3474 II.
775 3413 806 3476 3.
826 3413 887 3475 tt:
924 3412 1010 3477 Nam
1021 3411 1132 3498 Syllae
1150 3409 1301 3474 domim-
1336 3475 1343 3488 .

267 3530 381 3586 tionem
406 3521 559 3586 audebat:
584 3545 667 3610 quae
690 3523 849 3611 quomam
868 3522 1043 3613 supplenda
1064 3526 1126 3590 sint
1145 3523 1222 3591 hinc
1237 3549 1299 3612 ap-

265 3653 371 3724 paret,
395 3653 426 3700 et
448 3634 560 3717 simul,
580 3659 662 3726 quae
678 3636 799 3702 ibidem
817 3639 904 3727 apud
921 3639 1084 3704 Donatum
1100 3655 1298 3728 sequuntur,

266 3754 382 3840 pariter
397 3752 438 3817 ad
459 3750 518 3816 lib.
545 3754 571 3817 I.
599 3751 760 3818 referenda
783 3777 855 3818 esse.

265 3889 298 3953 p.
322 3865 399 3930 259.
420 3866 453 3928 in
472 3865 646 3953 Repetitum
656 3866 821 3953 praedae:
845 3865 925 3930 Sall.
948 3865 1031 3929 Hist.
1044 3865 1155 3956 ¹Pirim
1170 3902 1217 3916 ·-
1233 3889 1300 3955 quo

267 4126 341 4185 etna,
359 4125 521 4188 proeliatur.”
559 4124 721 4186 flegeoippus,
741 4124 789 4173 111.
809 4126 860 4172 2⁴:
881 4124 954 4182 »Quis
972 4139 1030 4185 ergo
1048 4125 1155 4184 dubitet,
1169 4127 1227 4188 plus
1240 4142 1298 4180 esse

266 4233 326 4282 »pro
344 4220 419 4280 gloria
436 4220 582 4276 decernere,
602 4231 675 4280 quarn
694 4233 737 4281 pro
756 4219 866 4268 salutet”
