2790 5116
720 453 892 517 ..16-

293 635 417 717 orabas,
425 634 551 716 Verres,
562 652 592 701 et
604 636 804 703 vehementer
814 635 1080 716 errabas,cumte
1094 636 1233 704 maculas
1242 637 1312 704 fur-
1378 717 1379 724 ἵ

293 765 422 814 »torum
436 763 467 812 et
480 746 671 838 flagitiorum
684 766 831 828 tuorum,
845 749 999 814 sociorum
1010 748 1226 815 innocentium
1239 775 1313 816 san-

292 857 524 952 »goinecluere
532 858 758 926 arbitrabare.”
776 859 906 941 Seneca,
916 858 1171 951 Agamemnone,
1184 885 1216 927 v.
1231 863 1309 930 976:

292 970 1223 1063 »mederespersamviri,Atqueobsoletam,sanguinehoc
1234 975 1312 1040 dex-

292 1110 308 1148 »
314 1097 394 1150 uam
408 1085 538 1152 ablue.''
556 1086 628 1152 Non
645 1083 798 1152 dissimilis
814 1082 968 1149 formulae
981 1082 1122 1172 exempla
1133 1102 1207 1151 sunt
1224 1089 1312 1175 apud

267 1253 269 1258 .
292 1196 444 1278 Graecos,
464 1197 652 1289 quilactum
662 1199 826 1264 Tarentini
840 1219 963 1262 scurrae
980 1219 1164 1278 narravere,
1185 1197 1226 1265 de
1246 1215 1312 1290 qno

292 1311 524 1378 Freinshemius
532 1311 573 1377 ad
583 1308 735 1394 Florum,
750 1310 872 1390 1,18,5.
886 1308 1034 1375 Ceterum
1044 1333 1177 1376 acumen
1186 1329 1312 1378 senten-

292 1425 351 1489 tiae
365 1423 439 1490 inde
452 1426 564 1508 oritur,
582 1424 682 1514 quod,
698 1446 865 1489 cummors
876 1420 1011 1488 violenta
1022 1446 1110 1512 saepe
1119 1427 1174 1512 p'er
1185 1428 1312 1516 sangni-

291 1559 366 1602 nem
379 1535 516 1603 effusum
526 1534 713 1616 declaretur,
725 1535 801 1602 huic
811 1536 954 1626 sanguini
962 1534 1155 1616 tribuantur,
1168 1538 1225 1626 qui
1236 1561 1310 1626 pro-

291 1649 358 1737 prie
370 1651 477 1714 mortis
492 1648 619 1715 effectus
633 1666 717 1714 sunt.
743 1649 829 1739 Ergo
848 1646 889 1713 ab
908 1648 1018 1714 ecdem
1037 1647 1123 1716 Ionte
1141 1648 1235 1716 fluxit
1251 1652 1311 1716 Pc-

291 1763 385 1827 tronii
394 1759 493 1846 locus,
503 1761 654 1852 Satyrion,
666 1785 693 1826 c.
708 1762 784 1828 139:
796 1787 812 1825 u
818 1763 883 1842 Tu,
892 1759 1037 1850 voluptas
1044 1786 1125 1842 mea,
1134 1786 1311 1854 numquam

291 1872 401 1940 »linies
415 1874 503 1940 huno
525 1876 648 1965 ignem,
670 1875 729 1938 nisi
753 1875 902 1964 sangiune
924 1875 1132 1941 restinxeris.”
1155 1874 1310 1942 Nonnihil

291 1986 449 2052 diversum
471 2002 517 2050 est
542 1983 896 2066 hocFlori,1‚to,t⁷:
939 1985 1113 2052 »Gamillus
1132 1989 1237 2053 omnia
1259 1990 1309 2053 in-

292 2099 497 2164 scendiorum
512 2099 637 2189 vestigia
647 2094 761 2164 Gallici
772 2099 928 2189 sanguinis
941 2101 1145 2166 inundatione
1159 2098 1306 2166 delevit'’:

292 2211 381 2301 quod
405 2211 549 2275 inaurea
568 2207 842 2277 illa'Praefatione
864 2213 975 2278 merito
1001 2231 1163 2303 tamquam
1186 2230 1309 2279 tumore

290 2323 412 2410 po'etico
421 2322 541 2388 dictum
551 2323 649 2411 carpit
658 2321 828 2406 Graevius,
840 2327 1050 2391 consentiente
1056 2324 1206 2412 liuperto.
1220 2326 1308 2390 Idem

291 2431 384 2523 plane
403 2458 508 2500 senem
530 2436 616 2524 apud
633 2433 844 2503 Claudianum
854 2486 864 2518 ,
882 2438 922 2503 de
940 2435 1028 2502 Bello
1038 2436 1148 2503 Getico
1168 2461 1200 2502 v.
1222 2439 1305 2505 291:

292 2545 390 2613 »haec
417 2547 583 2638 (Ausonia)
607 2548 768 2617 Senonum
788 2553 928 2615 restinxit
957 2551 1105 2641 sanguine
1133 2549 1306 2618 flammas'':

290 2658 348 2726 ubi
365 2677 396 2725 et
416 2661 589 2728 Burmanni
601 2687 659 2752 par
673 2687 801 2730 censura
820 2680 864 2730 est
881 2665 915 2728 in
930 2661 1017 2730 Flori
1032 2661 1150 2730 locum.

747 2889 860 2908 *-

712 3023 791 3085 cta.
811 3023 891 3086 VIII.

334 3230 391 3294 Est
403 3231 597 3296 verissimum
608 3249 638 3296 et
650 3232 690 3297 ad
704 3235 802 3299 vitam
816 3259 1016 3302 communem
1030 3236 1230 3305 utilissimum
1242 3264 1312 3304 mo·

291 3342 396 3406 nitum
413 3341 561 3424 Socratis,
577 3342 713 3411 relatum
730 3348 1158 3438 aXenophonteMemorab.
1176 3353 1308 3436 111,7‚6.

291 3477 357 3544 quo
378 3457 524 3543 juvenem
545 3458 716 3545 quemdam
731 3462 995 3528 verecundantem
1018 3465 1051 3529 in
1072 3462 1183 3552 populi
1200 3463 1312 3528 multi-

292 3566 401 3632 tudine
419 3564 516 3632 verba
535 3567 653 3650 facere,
672 3573 715 3635 ita
727 3569 882 3639 allocutus
901 3591 962 3640 est:
979 3563 1104 3656 πότερον
1113 3569 1184 3649 τούς
1191 3577 1313 3658 γναφεῖς

165 3742 167 3747 s
292 3668 1313 3771 edaciadmicoumrieb'rodcrdsrorocdrodcxoini‘crirodcyeuo-

290 3782 361 3869 yov'c
373 3780 395 3871 ἦ
403 3783 473 3864 roric
482 3784 630 3875 ἐμπόρους
641 3785 664 3877 ἥ
677 3790 747 3869 τούς
763 3793 797 3858 ἓν
811 3798 853 3884 τῇ
865 3793 961 3885 ἀγορᾷ
970 3795 1247 3881 μεταβαλλομένους
1264 3799 1313 3862 καὶ

287 3897 519 3980 φροντίζοντας,
541 3891 558 3965 ὅ
577 3927 606 3968 τι
628 3900 783 3982 ἐλάττονος
803 3903 956 3995 πριάμενοι
971 3911 1103 3986 πλείονος
1124 3907 1313 3990 ἀποδῶνται,

292 4005 438 4099 αἰσχύνῃς
449 4011 482 4076 ἐκ
496 4007 676 4100 γοὶρτοότων
693 4011 834 4086 ἁπάντων
847 4019 869 4106 ἦ
883 4020 1021 4103 ἐκκλησία
1034 4022 1213 4089 συνίσταται.
1237 4031 1314 4112 Quis

292 4123 461 4193 humanior
483 4130 703 4220 ignorat·illa,
727 4159 809 4226 quae
833 4136 909 4204 hinc
929 4138 1109 4225 fluxerrmt,
1135 4140 1312 4221 Ciceronis,

293 4236 422 4303 Tuscul.
437 4239 561 4323 Quaest.
575 4241 620 4323 V,
639 4245 692 4310 36:
708 4271 771 4313 aran
783 4248 959 4340 quidquam
973 4249 1111 4337 stultius,
1122 4278 1220 4343 quam
1235 4279 1316 4344 quos
