2790 5116
713 463 868 524 ..r-

278 624 407 738 spectus
420 649 535 738 pugnis
546 645 733 726 verberans,
751 647 839 736 qnasi
856 645 1053 736 cogitationes
1073 643 1165 710 caede
1186 668 1304 710 manus

279 778 401 850 »posset
417 757 616 824 excludere.'’
634 755 668 825 S.
684 755 889 837 Ambrosius,
903 756 942 820 de
955 755 1053 823 Jacob
1063 769 1093 821 et
1103 765 1174 821 vita
1187 755 1301 833 beata.

278 873 320 938 ll.
337 875 375 937 ll
389 897 396 936 :
409 868 566 936 »Exclusa
576 871 829 950 cstanima,non
840 866 983 958 religio.''
997 865 1149 934 Claudius
1157 867 1304 934 Donatus

278 985 319 1050 ad
329 985 345 1049 Ι
354 982 438 1050 Aen.
450 983 515 1050 209
529 1007 535 1048 :
553 981 691 1050 ¹»Videri
704 983 789 1048 enim
805 980 915 1046 debuit
928 1003 1089 1069 persuasor
1106 998 1179 1046 ante
1192 1005 1302 1046 omnes

277 1098 435 1184 »rejecisse
451 1095 620 1160 moestitiae
629 1081 751 1182 partem
758 1143 778 1173 ,,
790 1117 831 1160 ne
843 1096 1046 1182 persuasionis
1065 1092 1212 1160 ellectum
1226 1117 1302 1182 per-

279 1209 387 1274 »deret
399 1258 408 1292 ,
420 1209 444 1273 si
454 1210 518 1298 ipse
531 1205 759 1298 intelligeretur
768 1222 873 1272 tenere
882 1205 1021 1272 sensibus
1031 1208 1093 1272 suis
1102 1254 1113 1287 ,
1125 1207 1213 1296 quod
1223 1204 1303 1272 alio-

172 1369 174 1374 .
279 1345 374 1388 »rum
383 1319 542 1388 mentibus
550 1317 655 1410 aliqua
663 1343 700 1384 ex
708 1317 996 1408 partedesiderabat
1004 1317 1203 1385 excludere.”
1213 1317 1299 1386 Ibid.

277 1434 318 1499 ad
338 1456 371 1499 v.
399 1433 482 1498 269:
508 1431 611 1516 »Quia
633 1431 794 1522 aegritudo
809 1431 906 1496 animi
919 1432 968 1496 tui
982 1453 1048 1496 non
1061 1446 1162 1518 potest
1175 1432 1302 1518 penitus

278 1545 452 1612 »brevitate
460 1545 609 1610 sermonis
619 1540 778 1609 excludi.’'
788 1559 819 1608 et
827 1543 907 1608 adv.
920 1543 995 1610 720.
1010 1542 1093 1608 idem
1105 1540 1186 1608 illud
1193 1543 1301 1608 erchr-

278 1659 353 1724 dere
363 1681 500 1724 amorem
513 1657 688 1745 usurpavit:
700 1681 715 1719 r
722 1655 925 1722 Nouus-enirn
933 1679 1021 1720 amor
1032 1653 1139 1720 inferri
1150 1644 1216 1734 non
1227 1679 1301 1744 pos-

278 1787 358 1853 sset,
373 1773 432 1838 nisi
443 1787 534 1838 vetus
547 1772 650 1859 primo
663 1769 768 1836 finisset
779 1767 956 1836 exclusus.''
972 1769 1023 1836 Sic
1038 1769 1099 1835 hoc
1113 1769 1248 1836 verbum
1260 1771 1301 1836 de

277 1883 339 1951 illis
349 1887 405 1976 qui
411 1885 542 1952 sedibus
556 1886 617 1950 suis
629 1887 737 1974 ejecti,
754 1882 805 1950 vel
814 1887 900 1950 exire
915 1887 1012 1952 coacti
1032 1902 1119 1965 sunt,
1137 1887 1302 1974 usurpavit

277 1997 403 2066 Servius
412 1997 454 2062 ad
462 1996 558 2063 verba
566 1994 692 2087 Virgilii
701 1995 783 2064 Aen.
793 1997 808 2060 l
813 1999 863 2080 ,2:
868 1999 947 2086 sato
954 1997 1131 2087 profugus:
1141 2021 1177 2062 ac
1185 1998 1302 2085 pariter

277 2113 419 2178 Donatus
434 2111 476 2176 ad
489 2111 616 2176 initium
627 2108 797 2176 Aeneidos:
819 2109 931 2176 »Asiae
949 2109 1066 2176 finibus
1081 2109 1223 2178 exclusus
1232 2111 1302 2178 Ae-

280 2247 374 2289 »neas
384 2273 392 2308 ‚
403 2224 512 2288 amisso
524 2219 650 2314 genitali
663 2219 728 2287 solo
739 2269 749 2302 ,
760 2224 847 2313 quasi
861 2221 936 2288 exul
949 2215 1133 2292 traheliatur
1142 2227 1175 2290 in
1185 2223 1302 2292 alienas

279 2338 430 2421 »terras'’·‚
447 2338 498 2402 cui
510 2336 606 2402 redde
616 2359 690 2401 mox
704 2336 745 2401 ad
763 2337 871 2402 eadem
884 2334 1010 2427 Virgilii
1029 2336 1125 2403 verba
1134 2386 1144 2418 ,
1161 2338 1202 2404 ad
1219 2361 1302 2428 quae
1371 2373 1372 2420 l

278 2451 424 2520 Servium
435 2451 616 2528 citavimus,
630 2447 687 2520 ubi
698 2447 838 2539 vulgoin
854 2449 969 2514 Donati
984 2451 1237 2538 interpretatione
1252 2449 1300 2517 le-

138 2585 142 2593 ‘
279 2567 381 2656 gitur:
393 2563 478 2630 »fato
485 2563 620 2652 perdidit
627 2563 777 2651 patriam,
787 2559 851 2628 fato
861 2560 1041 2651 expulsus.”
1053 2563 1178 2630 Namin
1186 2563 1301 2630 Codice

279 2673 1301 2765 CommentariontmDonatiHarlemensi,quemcumeditisoom-
1370 2687 1371 2694 ’

280 2790 458 2879 parandum
468 2790 572 2877 accepi
583 2787 814 2856 heneficioViri
824 2785 1001 2876 plurimum
1011 2789 1191 2857 Venerandi
1201 2787 1243 2855 A.
1261 2789 1301 2854 de

279 2904 389 2983 Vries,
404 2904 557 2991 scriptum
568 2919 631 2968 est:
646 2903 737 2990 »sato
749 2901 928 2967 exclusus?
940 2899 1034 2968 Cons.
1048 2901 1136 2970 Serv.
1150 2902 1191 2967 ad
1205 2901 1297 2968 VIII.

280 3015 362 3084 alen.
375 3018 450 3082 328.
461 3033 492 3082 et
499 3015 549 3084 lV
550 3063 561 3097 ,
573 3017 651 3094 tlt,
662 3013 720 3080 ubi
728 3015 895 3081 excludere
906 3031 937 3110 ot
939 3015 1060 3103 pellere
1070 3015 1244 3104 conjunxit.
1258 3015 1301 3080 Et

281 3132 324 3194 sic
338 3128 447 3196 Aelius
455 3130 598 3195 Donatus
606 3127 647 3192 ad
656 3128 842 3190 Terentium
850 3174 859 3204 ,
872 3143 909 3192 ut
917 3126 952 3192 h.
965 3124 989 3192 l.
1001 3105 1146 3192 exactam
1158 3124 1302 3193 fabulam
1368 3175 1369 3244 p

281 3243 501 3328 interpretatus
511 3255 556 3304 est
565 3239 743 3304 exclusam:
753 3239 795 3302 ita
803 3235 879 3302 alibi
886 3239 1051 3326 expulsam
1062 3285 1072 3319 ,
1084 3256 1121 3304 ut
1133 3239 1174 3304 ad
1183 3239 1300 3328 Hecyr.
1368 3245 1369 3316 i

280 3349 368 3418 Prol.
381 3349 437 3416 alt.
450 3374 483 3417 v.
498 3352 530 3415 l:
545 3348 633 3440 qnod
641 3372 708 3414 non
716 3349 812 3440 magis
825 3350 860 3414 in
870 3349 1033 3438 explosam
1044 3350 1237 3418 mutandum
1244 3367 1302 3417 est.
1368 3333 1369 3417 i

730 3525 854 3545 *n*-

718 3652 798 3714 'CAR
824 3653 863 3714 II.

327 3809 379 3875 Ad
398 3807 522 3900 Virgilii
538 3806 648 3899 Eclog.
671 3809 714 3874 X.
742 3831 774 3874 v.
797 3811 850 3874 tt.
871 3833 941 3899 sqq.

494 3947 587 3997 Certum
600 3956 636 3996 est
649 3949 673 3996 r'n
689 3949 767 4009 ulvis,
785 3951 844 3998 inter
862 3949 956 4009 spelaeo
967 3949 1083 4010 sororum,

493 4041 563 4090 llallc
575 4043 640 4103 pau,
656 4045 784 4104 tuterisque
799 4055 863 4091 meos
876 4043 976 4092 urum
991 4057 1082 4092 ureret

491 4137 636 4190 Arboribus:
658 4146 762 4186 crescent
781 4139 849 4200 illoe3
869 4139 991 4199 ονιεεοιίε,
1009 4139 1117 4186 errores!
1161 4175 1164 4182 ,

327 4247 470 4318 Bucolica
493 4249 616 4342 Virgilii
646 4269 716 4318 tum
738 4253 878 4339 primum
903 4269 984 4320 recte
1012 4251 1184 4344 intelligere
1210 4273 1311 4349 atque
