<?xml version="1.0" encoding="UTF-8"?>
<!DOCTYPE html PUBLIC "-//W3C//DTD XHTML 1.0 Transitional//EN"
    "http://www.w3.org/TR/xhtml1/DTD/xhtml1-transitional.dtd">
<html xmlns="http://www.w3.org/1999/xhtml" xml:lang="en" lang="en">
 <head>
  <title>
</title>
<meta http-equiv="Content-Type" content="text/html;charset=utf-8" />
  <meta name='ocr-system' content='tesseract 3.04.00' />
  <meta name='ocr-capabilities' content='ocr_page ocr_carea ocr_par ocr_line ocrx_word'/>
</head>
<body>
  <div class='ocr_page' id='page_1' title='image "./denonnullisloci00hoevgoog_0049.png"; bbox 0 0 2790 5116; ppageno 0'>
   <div class='ocr_carea' id='block_1_1' title="bbox 710 385 884 448">
    <p class='ocr_par' dir='ltr' id='par_1_1' title="bbox 710 385 884 448">
     <span class='ocr_line' id='line_1_1' title="bbox 710 385 884 448; baseline 0 -14"><span class='ocrx_word' id='word_1_1' title='bbox 710 385 884 448; x_wconf 69' lang='lat'>..39-</span> 
     </span>
    </p>
   </div>
   <div class='ocr_carea' id='block_1_2' title="bbox 287 563 1310 828">
    <p class='ocr_par' dir='ltr' id='par_1_2' title="bbox 287 563 1310 828">
     <span class='ocr_line' id='line_1_2' title="bbox 289 563 1310 637; baseline -0.004 -19"><span class='ocrx_word' id='word_1_2' title='bbox 289 576 376 620; x_wconf 84' lang='lat' dir='ltr'><strong>sutem</strong></span> <span class='ocrx_word' id='word_1_3' title='bbox 400 567 476 620; x_wconf 83' lang='lat' dir='ltr'><strong>luerit</strong></span> <span class='ocrx_word' id='word_1_4' title='bbox 499 565 611 636; x_wconf 71' lang='lat' dir='ltr'><strong>dignitas</strong></span> <span class='ocrx_word' id='word_1_5' title='bbox 632 565 765 619; x_wconf 84' lang='lat' dir='ltr'><strong>Comitum</strong></span> <span class='ocrx_word' id='word_1_6' title='bbox 788 567 878 637; x_wconf 88' lang='lat' dir='ltr'><strong>primi,</strong></span> <span class='ocrx_word' id='word_1_7' title='bbox 904 583 951 618; x_wconf 87' lang='lat' dir='ltr'><strong>nec</strong></span> <span class='ocrx_word' id='word_1_8' title='bbox 973 582 1026 618; x_wconf 88' lang='lat' dir='ltr'><strong>non</strong></span> <span class='ocrx_word' id='word_1_9' title='bbox 1050 563 1171 628; x_wconf 87' lang='lat' dir='ltr'><strong>secundi,</strong></span> <span class='ocrx_word' id='word_1_10' title='bbox 1196 573 1226 616; x_wconf 88' lang='lat' dir='ltr'><strong>et</strong></span> <span class='ocrx_word' id='word_1_11' title='bbox 1242 564 1310 617; x_wconf 90' lang='lat' dir='ltr'><strong>tertii</strong></span> 
     </span>
     <span class='ocr_line' id='line_1_3' title="bbox 288 659 1309 744; baseline -0.002 -30"><span class='ocrx_word' id='word_1_12' title='bbox 288 659 408 726; x_wconf 83' lang='lat' dir='ltr'>Ordinis,</span> <span class='ocrx_word' id='word_1_13' title='bbox 427 679 461 714; x_wconf 90' lang='lat' dir='ltr'><strong>ne</strong></span> <span class='ocrx_word' id='word_1_14' title='bbox 479 661 577 729; x_wconf 76' lang='lat' dir='ltr'>longior</span> <span class='ocrx_word' id='word_1_15' title='bbox 594 661 656 726; x_wconf 87' lang='lat' dir='ltr'><strong>sim,</strong></span> <span class='ocrx_word' id='word_1_16' title='bbox 675 663 731 744; x_wconf 90' lang='lat' dir='ltr'><strong>peti</strong></span> <span class='ocrx_word' id='word_1_17' title='bbox 750 663 846 732; x_wconf 91' lang='lat' dir='ltr'><strong>poterit</strong></span> <span class='ocrx_word' id='word_1_18' title='bbox 862 679 895 714; x_wconf 82' lang='lat' dir='ltr'><strong>ea</strong></span> <span class='ocrx_word' id='word_1_19' title='bbox 911 662 954 714; x_wconf 79' lang='lat' dir='ltr'><strong>io.</strong></span> <span class='ocrx_word' id='word_1_20' title='bbox 974 661 1085 714; x_wconf 89' lang='lat' dir='ltr'><strong>Seldeuo</strong></span> <span class='ocrx_word' id='word_1_21' title='bbox 1102 663 1146 715; x_wconf 90' lang='lat' dir='ltr'><strong>tit.</strong></span> <span class='ocrx_word' id='word_1_22' title='bbox 1167 661 1262 716; x_wconf 87' lang='lat' dir='ltr'><strong>bonor.</strong></span> <span class='ocrx_word' id='word_1_23' title='bbox 1279 661 1309 712; x_wconf 79' lang='lat'><strong>1³.</strong></span> 
     </span>
     <span class='ocr_line' id='line_1_4' title="bbox 287 754 1310 828; baseline -0.004 -18"><span class='ocrx_word' id='word_1_24' title='bbox 287 756 325 810; x_wconf 89' lang='lat'><strong>11.</strong></span> <span class='ocrx_word' id='word_1_25' title='bbox 338 775 361 810; x_wconf 90' lang='lat' dir='ltr'><strong>c.</strong></span> <span class='ocrx_word' id='word_1_26' title='bbox 375 760 402 809; x_wconf 79' lang='lat'><strong>2.</strong></span> <span class='ocrx_word' id='word_1_27' title='bbox 415 775 442 828; x_wconf 87' lang='lat' dir='ltr'><strong>p.</strong></span> <span class='ocrx_word' id='word_1_28' title='bbox 456 758 500 810; x_wconf 78' lang='lat'><strong>29.</strong></span> <span class='ocrx_word' id='word_1_29' title='bbox 513 756 643 810; x_wconf 86' lang='lat' dir='ltr'><strong>Gutberio</strong></span> <span class='ocrx_word' id='word_1_30' title='bbox 661 756 695 810; x_wconf 87' lang='lat' dir='ltr'><strong>de</strong></span> <span class='ocrx_word' id='word_1_31' title='bbox 710 755 762 808; x_wconf 86' lang='lat' dir='ltr'><strong>Off.</strong></span> <span class='ocrx_word' id='word_1_32' title='bbox 783 756 854 809; x_wconf 87' lang='lat' dir='ltr'><strong>dom.</strong></span> <span class='ocrx_word' id='word_1_33' title='bbox 874 754 940 826; x_wconf 75' lang='lat' dir='ltr'><strong>Aug.</strong></span> <span class='ocrx_word' id='word_1_34' title='bbox 960 756 1020 808; x_wconf 86' lang='lat' dir='ltr'><strong>Lib.</strong></span> <span class='ocrx_word' id='word_1_35' title='bbox 1031 757 1053 808; x_wconf 91' lang='lat'><strong>1.</strong></span> <span class='ocrx_word' id='word_1_36' title='bbox 1066 755 1096 808; x_wconf 90' lang='lat' dir='ltr'><strong>C.</strong></span> <span class='ocrx_word' id='word_1_37' title='bbox 1108 759 1153 808; x_wconf 75' lang='lat' dir='ltr'><strong>ld.</strong></span> <span class='ocrx_word' id='word_1_38' title='bbox 1167 773 1195 825; x_wconf 86' lang='lat' dir='ltr'><strong>p.</strong></span> <span class='ocrx_word' id='word_1_39' title='bbox 1209 757 1273 808; x_wconf 73' lang='grc'><strong>305.</strong></span> <span class='ocrx_word' id='word_1_40' title='bbox 1285 763 1310 807; x_wconf 91' lang='lat' dir='ltr'><strong>et</strong></span> 
     </span>
    </p>
   </div>
   <div class='ocr_carea' id='block_1_3' title="bbox 285 849 1309 1206">
    <p class='ocr_par' dir='ltr' id='par_1_3' title="bbox 285 849 1309 1206">
     <span class='ocr_line' id='line_1_5' title="bbox 287 849 1309 905; baseline -0.002 -2"><span class='ocrx_word' id='word_1_41' title='bbox 287 849 342 905; x_wconf 79' lang='lat' dir='ltr'><strong>iac.</strong></span> <span class='ocrx_word' id='word_1_42' title='bbox 361 849 524 905; x_wconf 86' lang='lat' dir='ltr'><strong>Gotholredo</strong></span> <span class='ocrx_word' id='word_1_43' title='bbox 541 851 576 904; x_wconf 86' lang='lat' dir='ltr'><strong>ad</strong></span> <span class='ocrx_word' id='word_1_44' title='bbox 593 852 623 904; x_wconf 77' lang='lat' dir='ltr'><strong>t.</strong></span> <span class='ocrx_word' id='word_1_45' title='bbox 638 869 685 904; x_wconf 89' lang='lat' dir='ltr'><strong>un.</strong></span> <span class='ocrx_word' id='word_1_46' title='bbox 697 851 726 904; x_wconf 87' lang='lat' dir='ltr'><strong>C.</strong></span> <span class='ocrx_word' id='word_1_47' title='bbox 747 849 848 904; x_wconf 83' lang='lat' dir='ltr'><strong>Tbeod.</strong></span> <span class='ocrx_word' id='word_1_48' title='bbox 869 856 897 904; x_wconf 88' lang='lat' dir='ltr'><strong>de</strong></span> <span class='ocrx_word' id='word_1_49' title='bbox 913 853 1039 902; x_wconf 77' lang='lat' dir='ltr'><strong>Comitibus</strong></span> <span class='ocrx_word' id='word_1_50' title='bbox 1054 863 1076 901; x_wconf 86' lang='lat' dir='ltr'><strong>et</strong></span> <span class='ocrx_word' id='word_1_51' title='bbox 1093 854 1200 902; x_wconf 75' lang='lat' dir='ltr'><strong>Tribunis</strong></span> <span class='ocrx_word' id='word_1_52' title='bbox 1219 853 1309 902; x_wconf 77' lang='lat' dir='ltr'><strong>Satala·</strong></span> 
     </span>
     <span class='ocr_line' id='line_1_6' title="bbox 287 945 1309 1018; baseline -0.004 -18"><span class='ocrx_word' id='word_1_53' title='bbox 287 965 339 1000; x_wconf 87' lang='lat' dir='ltr'><strong>rum</strong></span> <span class='ocrx_word' id='word_1_54' title='bbox 355 945 422 1000; x_wconf 80' lang='lat' dir='ltr'><strong>&#39;lom</strong></span> <span class='ocrx_word' id='word_1_55' title='bbox 440 946 476 999; x_wconf 91' lang='lat'><strong>11.</strong></span> <span class='ocrx_word' id='word_1_56' title='bbox 497 964 524 1016; x_wconf 87' lang='lat' dir='ltr'><strong>p.</strong></span> <span class='ocrx_word' id='word_1_57' title='bbox 542 949 592 1000; x_wconf 90' lang='lat'><strong>100</strong></span> <span class='ocrx_word' id='word_1_58' title='bbox 610 947 727 1018; x_wconf 87' lang='lat' dir='ltr'><strong>aliisque.</strong></span> <span class='ocrx_word' id='word_1_59' title='bbox 747 945 809 998; x_wconf 86' lang='lat' dir='ltr'><strong>Coro</strong></span> <span class='ocrx_word' id='word_1_60' title='bbox 822 955 910 998; x_wconf 86' lang='lat' dir='ltr'><strong>autem</strong></span> <span class='ocrx_word' id='word_1_61' title='bbox 925 963 979 1000; x_wconf 85' lang='lat' dir='ltr'><strong>uon</strong></span> <span class='ocrx_word' id='word_1_62' title='bbox 992 951 1061 1011; x_wconf 81' lang='lat' dir='ltr'><strong>primi</strong></span> <span class='ocrx_word' id='word_1_63' title='bbox 1076 955 1196 1010; x_wconf 87' lang='lat' dir='ltr'><strong>tantum,</strong></span> <span class='ocrx_word' id='word_1_64' title='bbox 1215 945 1261 998; x_wconf 90' lang='lat' dir='ltr'><strong>sed</strong></span> <span class='ocrx_word' id='word_1_65' title='bbox 1278 963 1309 996; x_wconf 84' lang='lat' dir='ltr'><strong>as·</strong></span> 
     </span>
     <span class='ocr_line' id='line_1_7' title="bbox 287 1040 1308 1110; baseline 0 -19"><span class='ocrx_word' id='word_1_66' title='bbox 287 1045 366 1104; x_wconf 77' lang='lat' dir='ltr'><strong>surdi,</strong></span> <span class='ocrx_word' id='word_1_67' title='bbox 394 1049 421 1093; x_wconf 92' lang='lat' dir='ltr'><strong>et</strong></span> <span class='ocrx_word' id='word_1_68' title='bbox 445 1045 506 1094; x_wconf 87' lang='lat' dir='ltr'><strong>tertii</strong></span> <span class='ocrx_word' id='word_1_69' title='bbox 526 1040 624 1093; x_wconf 77' lang='lat' dir='ltr'>ordinis</span> <span class='ocrx_word' id='word_1_70' title='bbox 641 1043 749 1094; x_wconf 78' lang='lat' dir='ltr'><strong>comites</strong></span> <span class='ocrx_word' id='word_1_71' title='bbox 765 1040 875 1104; x_wconf 86' lang='lat' dir='ltr'><strong>fuerint,</strong></span> <span class='ocrx_word' id='word_1_72' title='bbox 899 1040 972 1094; x_wconf 88' lang='lat' dir='ltr'><strong>lacile</strong></span> <span class='ocrx_word' id='word_1_73' title='bbox 997 1049 1085 1110; x_wconf 87' lang='lat' dir='ltr'><strong>patet,</strong></span> <span class='ocrx_word' id='word_1_74' title='bbox 1106 1040 1132 1092; x_wconf 87' lang='lat' dir='ltr'><strong>iu</strong></span> <span class='ocrx_word' id='word_1_75' title='bbox 1150 1040 1249 1092; x_wconf 87' lang='lat' dir='ltr'><strong>mutilo</strong></span> <span class='ocrx_word' id='word_1_76' title='bbox 1266 1040 1308 1091; x_wconf 92' lang='lat' dir='ltr'><strong>illo</strong></span> 
     </span>
     <span class='ocr_line' id='line_1_8' title="bbox 285 1135 955 1206; baseline 0.001 -19"><span class='ocrx_word' id='word_1_77' title='bbox 285 1146 456 1190; x_wconf 87' lang='lat' dir='ltr'><strong>monumento</strong></span> <span class='ocrx_word' id='word_1_78' title='bbox 472 1136 541 1206; x_wconf 84' lang='lat' dir='ltr'><strong>apud</strong></span> <span class='ocrx_word' id='word_1_79' title='bbox 559 1135 678 1189; x_wconf 85' lang='lat' dir='ltr'><strong>Gadium</strong></span> <span class='ocrx_word' id='word_1_80' title='bbox 695 1153 723 1206; x_wconf 90' lang='lat' dir='ltr'><strong>p.</strong></span> <span class='ocrx_word' id='word_1_81' title='bbox 742 1135 858 1190; x_wconf 83' lang='lat' dir='ltr'><strong>CXLlll.</strong></span> <span class='ocrx_word' id='word_1_82' title='bbox 878 1139 905 1188; x_wconf 82' lang='lat'><strong>2.</strong></span> <span class='ocrx_word' id='word_1_83' title='bbox 949 1143 955 1156; x_wconf 79' lang='lat'><strong>⁹</strong></span> 
     </span>
    </p>
   </div>
   <div class='ocr_carea' id='block_1_4' title="bbox 619 1235 925 1307">
    <p class='ocr_par' dir='ltr' id='par_1_4' title="bbox 619 1235 925 1307">
     <span class='ocr_line' id='line_1_9' title="bbox 619 1235 925 1307; baseline 0.003 -1"><span class='ocrx_word' id='word_1_84' title='bbox 619 1291 626 1306; x_wconf 92' lang='lat'><em>.</em></span> <span class='ocrx_word' id='word_1_85' title='bbox 650 1291 657 1306; x_wconf 93' lang='lat'><strong>.</strong></span> <span class='ocrx_word' id='word_1_86' title='bbox 678 1235 925 1307; x_wconf 61' lang='lat' dir='ltr'><strong>autscarius</strong></span> 
     </span>
    </p>
   </div>
   <div class='ocr_carea' id='block_1_5' title="bbox 177 1345 1369 3985">
    <p class='ocr_par' dir='ltr' id='par_1_5' title="bbox 618 1345 1002 1416">
     <span class='ocr_line' id='line_1_10' title="bbox 618 1345 1002 1416; baseline -0.003 -1"><span class='ocrx_word' id='word_1_87' title='bbox 618 1399 624 1415; x_wconf 93' lang='lat'>.</span> <span class='ocrx_word' id='word_1_88' title='bbox 648 1400 655 1416; x_wconf 90' lang='lat'><strong>.</strong></span> <span class='ocrx_word' id='word_1_89' title='bbox 676 1359 711 1416; x_wconf 88' lang='lat'><strong>11.</strong></span> <span class='ocrx_word' id='word_1_90' title='bbox 731 1345 931 1416; x_wconf 67' lang='lat' dir='ltr'><strong>ssvssrisc.</strong></span> <span class='ocrx_word' id='word_1_91' title='bbox 949 1369 1002 1416; x_wconf 75' lang='lat' dir='ltr'><strong>m.</strong></span> 
     </span>
    </p>

    <p class='ocr_par' dir='ltr' id='par_1_6' title="bbox 284 1459 1369 2472">
     <span class='ocr_line' id='line_1_11' title="bbox 287 1459 1305 1540; baseline -0.001 -28"><span class='ocrx_word' id='word_1_92' title='bbox 287 1459 446 1513; x_wconf 77' lang='lat' dir='ltr'><strong>mentionem</strong></span> <span class='ocrx_word' id='word_1_93' title='bbox 457 1459 550 1514; x_wconf 85' lang='lat' dir='ltr'><strong>iactam</strong></span> <span class='ocrx_word' id='word_1_94' title='bbox 561 1459 636 1540; x_wconf 69' lang='lat' dir='ltr'><strong>baisse</strong></span> <span class='ocrx_word' id='word_1_95' title='bbox 649 1463 740 1514; x_wconf 74' lang='lat' dir='ltr'><strong>Comus</strong></span> <span class='ocrx_word' id='word_1_96' title='bbox 752 1459 829 1513; x_wconf 81' lang='lat' dir='ltr'><strong>Olil).</strong></span> <span class='ocrx_word' id='word_1_97' title='bbox 840 1460 877 1514; x_wconf 92' lang='grc' dir='ltr'><strong>Π.</strong></span> <span class='ocrx_word' id='word_1_98' title='bbox 890 1461 943 1514; x_wconf 81' lang='lat' dir='ltr'><strong>sivo</strong></span> <span class='ocrx_word' id='word_1_99' title='bbox 953 1463 1044 1512; x_wconf 76' lang='lat' dir='ltr'><strong>Ordris</strong></span> <span class='ocrx_word' id='word_1_100' title='bbox 1054 1465 1155 1512; x_wconf 79' lang='lat' dir='ltr'><strong>seumd.</strong></span> <span class='ocrx_word' id='word_1_101' title='bbox 1165 1489 1203 1500; x_wconf 90' lang='lat'><strong>-·</strong></span> <span class='ocrx_word' id='word_1_102' title='bbox 1210 1459 1305 1512; x_wconf 85' lang='lat' dir='ltr'><strong>Libello</strong></span> 
     </span>
     <span class='ocr_line' id='line_1_12' title="bbox 287 1553 1305 1626; baseline -0.002 -20"><span class='ocrx_word' id='word_1_103' title='bbox 287 1562 375 1606; x_wconf 87' lang='lat' dir='ltr'><strong>autem</strong></span> <span class='ocrx_word' id='word_1_104' title='bbox 394 1572 441 1607; x_wconf 92' lang='lat' dir='ltr'><strong>suo</strong></span> <span class='ocrx_word' id='word_1_105' title='bbox 457 1553 589 1626; x_wconf 79' lang='lat' dir='ltr'><strong>duplicem</strong></span> <span class='ocrx_word' id='word_1_106' title='bbox 606 1555 715 1608; x_wconf 85' lang='lat' dir='ltr'><strong>titulum</strong></span> <span class='ocrx_word' id='word_1_107' title='bbox 731 1555 925 1625; x_wconf 76' lang='lat' dir='ltr'><strong>praescripserat</strong></span> <span class='ocrx_word' id='word_1_108' title='bbox 946 1554 1054 1606; x_wconf 88' lang='lat' dir='ltr'><strong>Messius</strong></span> <span class='ocrx_word' id='word_1_109' title='bbox 1076 1563 1178 1618; x_wconf 88' lang='lat' dir='ltr'><strong>noster,</strong></span> <span class='ocrx_word' id='word_1_110' title='bbox 1199 1571 1305 1626; x_wconf 85' lang='lat' dir='ltr'><strong>quorum</strong></span> 
     </span>
     <span class='ocr_line' id='line_1_13' title="bbox 286 1647 1303 1719; baseline 0 -19"><span class='ocrx_word' id='word_1_111' title='bbox 286 1649 414 1718; x_wconf 87' lang='lat' dir='ltr'><strong>priorem,</strong></span> <span class='ocrx_word' id='word_1_112' title='bbox 433 1651 482 1702; x_wconf 89' lang='lat' dir='ltr'><strong>nisi</strong></span> <span class='ocrx_word' id='word_1_113' title='bbox 496 1649 601 1702; x_wconf 80' lang='lat' dir='ltr'><strong>aliunde</strong></span> <span class='ocrx_word' id='word_1_114' title='bbox 617 1658 816 1718; x_wconf 71' lang='lat' dir='ltr'><strong>cognosceretur,</strong></span> <span class='ocrx_word' id='word_1_115' title='bbox 830 1649 992 1701; x_wconf 78' lang='lat' dir='ltr'><strong>librariorum</strong></span> <span class='ocrx_word' id='word_1_116' title='bbox 1006 1647 1160 1716; x_wconf 81' lang='lat' dir='ltr'><strong>negligentia</strong></span> <span class='ocrx_word' id='word_1_117' title='bbox 1172 1649 1249 1719; x_wconf 88' lang='lat' dir='ltr'><strong>plane</strong></span> <span class='ocrx_word' id='word_1_118' title='bbox 1265 1647 1303 1699; x_wconf 85' lang='lat' dir='ltr'><strong>ob</strong></span> 
     </span>
     <span class='ocr_line' id='line_1_14' title="bbox 287 1741 1303 1815; baseline -0.001 -21"><span class='ocrx_word' id='word_1_119' title='bbox 287 1744 447 1796; x_wconf 83' lang='lat' dir='ltr'><strong>scuravisset.</strong></span> <span class='ocrx_word' id='word_1_120' title='bbox 459 1744 525 1797; x_wconf 89' lang='lat' dir='ltr'><strong>Cum</strong></span> <span class='ocrx_word' id='word_1_121' title='bbox 536 1746 607 1798; x_wconf 87' lang='lat' dir='ltr'><strong>enim</strong></span> <span class='ocrx_word' id='word_1_122' title='bbox 617 1761 649 1796; x_wconf 83' lang='lat' dir='ltr'><strong>ex</strong></span> <span class='ocrx_word' id='word_1_123' title='bbox 660 1754 771 1815; x_wconf 81' lang='lat' dir='ltr'><strong>quatuor</strong></span> <span class='ocrx_word' id='word_1_124' title='bbox 778 1742 947 1813; x_wconf 78' lang='lat' dir='ltr'><strong>scriptoribus</strong></span> <span class='ocrx_word' id='word_1_125' title='bbox 958 1741 1020 1794; x_wconf 87' lang='lat' dir='ltr'><strong>baec</strong></span> <span class='ocrx_word' id='word_1_126' title='bbox 1027 1741 1213 1794; x_wconf 86' lang='lat' dir='ltr'><strong>Elocutionum</strong></span> <span class='ocrx_word' id='word_1_127' title='bbox 1226 1760 1303 1794; x_wconf 83' lang='lat' dir='ltr'><strong>exem·</strong></span> 
     </span>
     <span class='ocr_line' id='line_1_15' title="bbox 286 1835 1303 1909; baseline -0.002 -19"><span class='ocrx_word' id='word_1_128' title='bbox 286 1837 330 1908; x_wconf 88' lang='lat' dir='ltr'><strong>pla</strong></span> <span class='ocrx_word' id='word_1_129' title='bbox 341 1838 482 1909; x_wconf 76' lang='lat' dir='ltr'><strong>excerpsit,</strong></span> <span class='ocrx_word' id='word_1_130' title='bbox 493 1836 554 1890; x_wconf 92' lang='lat' dir='ltr'><strong>inde</strong></span> <span class='ocrx_word' id='word_1_131' title='bbox 562 1838 659 1890; x_wconf 86' lang='lat' dir='ltr'><strong>occasio</strong></span> <span class='ocrx_word' id='word_1_132' title='bbox 665 1838 689 1888; x_wconf 86' lang='lat' dir='ltr'><strong>ei</strong></span> <span class='ocrx_word' id='word_1_133' title='bbox 699 1847 760 1888; x_wconf 87' lang='lat' dir='ltr'><strong>nata</strong></span> <span class='ocrx_word' id='word_1_134' title='bbox 769 1835 872 1889; x_wconf 84' lang='lat' dir='ltr'><strong>videtur</strong></span> <span class='ocrx_word' id='word_1_135' title='bbox 881 1836 1001 1888; x_wconf 87' lang='lat' dir='ltr'><strong>libellum</strong></span> <span class='ocrx_word' id='word_1_136' title='bbox 1010 1836 1081 1888; x_wconf 87' lang='lat' dir='ltr'><strong>hunc</strong></span> <span class='ocrx_word' id='word_1_137' title='bbox 1091 1854 1167 1888; x_wconf 87' lang='lat' dir='ltr'><strong>suum</strong></span> <span class='ocrx_word' id='word_1_138' title='bbox 1179 1840 1303 1900; x_wconf 74' lang='lat' dir='ltr'><strong>Quadrima</strong></span> 
     </span>
     <span class='ocr_line' id='line_1_16' title="bbox 286 1931 1302 2004; baseline -0.002 -20"><span class='ocrx_word' id='word_1_139' title='bbox 286 1933 392 1986; x_wconf 89' lang='lat' dir='ltr'><strong>nomine</strong></span> <span class='ocrx_word' id='word_1_140' title='bbox 406 1933 539 2000; x_wconf 70' lang='lat' dir='ltr'><strong>insignire,</strong></span> <span class='ocrx_word' id='word_1_141' title='bbox 556 1949 635 2004; x_wconf 89' lang='lat' dir='ltr'><strong>quem</strong></span> <span class='ocrx_word' id='word_1_142' title='bbox 646 1932 771 1995; x_wconf 86' lang='lat' dir='ltr'><strong>titulum,</strong></span> <span class='ocrx_word' id='word_1_143' title='bbox 789 1933 851 1983; x_wconf 91' lang='lat' dir='ltr'><strong>licet</strong></span> <span class='ocrx_word' id='word_1_144' title='bbox 864 1932 891 1983; x_wconf 91' lang='lat' dir='ltr'><strong>in</strong></span> <span class='ocrx_word' id='word_1_145' title='bbox 907 1931 968 1984; x_wconf 87' lang='lat' dir='ltr'><strong>Mss.</strong></span> <span class='ocrx_word' id='word_1_146' title='bbox 981 1932 1085 1984; x_wconf 90' lang='lat' dir='ltr'><strong>nullum</strong></span> <span class='ocrx_word' id='word_1_147' title='bbox 1096 1934 1150 2000; x_wconf 84' lang='lat' dir='ltr'><strong>ejus</strong></span> <span class='ocrx_word' id='word_1_148' title='bbox 1161 1941 1245 1984; x_wconf 82' lang='lat' dir='ltr'><strong>exstet</strong></span> <span class='ocrx_word' id='word_1_149' title='bbox 1255 1949 1302 1984; x_wconf 81' lang='lat' dir='ltr'><strong>ves</strong></span> 
     </span>
     <span class='ocr_line' id='line_1_17' title="bbox 284 2003 1369 2096; baseline -0.001 -18"><span class='ocrx_word' id='word_1_150' title='bbox 284 2027 391 2094; x_wconf 64' lang='lat' dir='ltr'><strong>tigiurm</strong></span> <span class='ocrx_word' id='word_1_151' title='bbox 405 2023 497 2078; x_wconf 91' lang='lat' dir='ltr'><strong>libello</strong></span> <span class='ocrx_word' id='word_1_152' title='bbox 507 2027 644 2096; x_wconf 76' lang='lat' dir='ltr'><strong>praefigere</strong></span> <span class='ocrx_word' id='word_1_153' title='bbox 658 2026 747 2081; x_wconf 90' lang='lat' dir='ltr'><strong>nullus</strong></span> <span class='ocrx_word' id='word_1_154' title='bbox 762 2024 894 2089; x_wconf 87' lang='lat' dir='ltr'><strong>dubitavi,</strong></span> <span class='ocrx_word' id='word_1_155' title='bbox 909 2035 996 2078; x_wconf 88' lang='lat' dir='ltr'><strong>motus</strong></span> <span class='ocrx_word' id='word_1_156' title='bbox 1007 2026 1142 2096; x_wconf 87' lang='lat' dir='ltr'><strong>praecipue</strong></span> <span class='ocrx_word' id='word_1_157' title='bbox 1155 2027 1302 2079; x_wconf 83' lang='lat' dir='ltr'><strong>auctoritate</strong></span> <span class='ocrx_word' id='word_1_158' title='bbox 1368 2003 1369 2068; x_wconf 78' lang='lat' dir='ltr'><strong>l</strong></span> 
     </span>
     <span class='ocr_line' id='line_1_18' title="bbox 286 2118 1369 2192; baseline -0.002 -18"><span class='ocrx_word' id='word_1_159' title='bbox 286 2120 452 2186; x_wconf 75' lang='lat' dir='ltr'><strong>cassiodorii,</strong></span> <span class='ocrx_word' id='word_1_160' title='bbox 474 2123 546 2190; x_wconf 86' lang='lat' dir='ltr'><strong>cujus</strong></span> <span class='ocrx_word' id='word_1_161' title='bbox 561 2121 671 2192; x_wconf 89' lang='lat' dir='ltr'><strong>paucula</strong></span> <span class='ocrx_word' id='word_1_162' title='bbox 693 2121 770 2172; x_wconf 82' lang='lat' dir='ltr'><strong>verba</strong></span> <span class='ocrx_word' id='word_1_163' title='bbox 791 2118 834 2172; x_wconf 90' lang='lat' dir='ltr'><strong>bic</strong></span> <span class='ocrx_word' id='word_1_164' title='bbox 856 2119 992 2190; x_wconf 86' lang='lat' dir='ltr'><strong>subjecisse</strong></span> <span class='ocrx_word' id='word_1_165' title='bbox 1009 2139 1100 2192; x_wconf 88' lang='lat' dir='ltr'><strong>operae</strong></span> <span class='ocrx_word' id='word_1_166' title='bbox 1119 2122 1169 2174; x_wconf 86' lang='lat' dir='ltr'><strong>erit</strong></span> <span class='ocrx_word' id='word_1_167' title='bbox 1184 2123 1299 2192; x_wconf 88' lang='lat' dir='ltr'><strong>pretium.</strong></span> <span class='ocrx_word' id='word_1_168' title='bbox 1368 2167 1369 2172; x_wconf 75' lang='grc'>,</span> 
     </span>
     <span class='ocr_line' id='line_1_19' title="bbox 284 2212 1369 2288; baseline 0 -20"><span class='ocrx_word' id='word_1_169' title='bbox 284 2219 333 2268; x_wconf 84' lang='lat' dir='ltr'><strong>lies</strong></span> <span class='ocrx_word' id='word_1_170' title='bbox 347 2221 389 2268; x_wconf 86' lang='lat' dir='ltr'><strong>ilia</strong></span> <span class='ocrx_word' id='word_1_171' title='bbox 405 2219 488 2280; x_wconf 82' lang='lat' dir='ltr'><strong>uerba,</strong></span> <span class='ocrx_word' id='word_1_172' title='bbox 506 2215 603 2288; x_wconf 91' lang='lat' dir='ltr'><strong>inquit,</strong></span> <span class='ocrx_word' id='word_1_173' title='bbox 620 2214 658 2267; x_wconf 88' lang='lat' dir='ltr'><strong>De</strong></span> <span class='ocrx_word' id='word_1_174' title='bbox 674 2215 735 2267; x_wconf 86' lang='lat' dir='ltr'><strong>inst.</strong></span> <span class='ocrx_word' id='word_1_175' title='bbox 753 2212 835 2266; x_wconf 88' lang='lat' dir='ltr'><strong>divin.</strong></span> <span class='ocrx_word' id='word_1_176' title='bbox 855 2214 922 2266; x_wconf 86' lang='lat' dir='ltr'><strong>liter.</strong></span> <span class='ocrx_word' id='word_1_177' title='bbox 938 2213 1000 2285; x_wconf 86' lang='lat' dir='ltr'><strong>Cap.</strong></span> <span class='ocrx_word' id='word_1_178' title='bbox 1013 2213 1073 2268; x_wconf 81' lang='lat' dir='ltr'><strong>XV.</strong></span> <span class='ocrx_word' id='word_1_179' title='bbox 1087 2213 1166 2286; x_wconf 85' lang='lat' dir='ltr'><strong>Oper.</strong></span> <span class='ocrx_word' id='word_1_180' title='bbox 1180 2215 1256 2268; x_wconf 79' lang='lat' dir='ltr'><strong>Tom.</strong></span> <span class='ocrx_word' id='word_1_181' title='bbox 1269 2215 1300 2267; x_wconf 91' lang='lat'><strong>11.</strong></span> <span class='ocrx_word' id='word_1_182' title='bbox 1368 2217 1369 2252; x_wconf 74' lang='lat' dir='ltr'><strong>l</strong></span> 
     </span>
     <span class='ocr_line' id='line_1_20' title="bbox 284 2309 1300 2382; baseline 0 -20"><span class='ocrx_word' id='word_1_183' title='bbox 284 2326 312 2382; x_wconf 87' lang='lat' dir='ltr'><strong>p.</strong></span> <span class='ocrx_word' id='word_1_184' title='bbox 327 2312 388 2376; x_wconf 72' lang='lat'><strong>517,</strong></span> <span class='ocrx_word' id='word_1_185' title='bbox 404 2309 434 2364; x_wconf 88' lang='lat' dir='ltr'><strong>B.</strong></span> <span class='ocrx_word' id='word_1_186' title='bbox 448 2315 562 2374; x_wconf 73' lang='lat' dir='ltr'><strong>tauamda</strong></span> <span class='ocrx_word' id='word_1_187' title='bbox 573 2321 640 2374; x_wconf 84' lang='lat' dir='ltr'><strong>suut,</strong></span> <span class='ocrx_word' id='word_1_188' title='bbox 656 2326 715 2376; x_wconf 79' lang='lat' dir='ltr'><strong>quae</strong></span> <span class='ocrx_word' id='word_1_189' title='bbox 726 2313 839 2362; x_wconf 85' lang='lat' dir='ltr'><strong>interdum</strong></span> <span class='ocrx_word' id='word_1_190' title='bbox 851 2321 933 2360; x_wconf 73' lang='lat' dir='ltr'><strong>canoa</strong></span> <span class='ocrx_word' id='word_1_191' title='bbox 945 2321 1019 2361; x_wconf 86' lang='lat' dir='ltr'><strong>artem</strong></span> <span class='ocrx_word' id='word_1_192' title='bbox 1030 2315 1121 2376; x_wconf 80' lang='lat' dir='ltr'><strong>quidem</strong></span> <span class='ocrx_word' id='word_1_193' title='bbox 1134 2313 1255 2362; x_wconf 77' lang='lat' dir='ltr'><strong>humarum</strong></span> <span class='ocrx_word' id='word_1_194' title='bbox 1264 2327 1300 2376; x_wconf 74' lang='lat' dir='ltr'><strong>pa</strong></span> 
     </span>
     <span class='ocr_line' id='line_1_21' title="bbox 284 2406 1300 2472; baseline 0.002 -16"><span class='ocrx_word' id='word_1_195' title='bbox 284 2409 331 2456; x_wconf 82' lang='lat' dir='ltr'><strong>sita</strong></span> <span class='ocrx_word' id='word_1_196' title='bbox 342 2410 497 2470; x_wconf 80' lang='lat' dir='ltr'><strong>reperiuntur,</strong></span> <span class='ocrx_word' id='word_1_197' title='bbox 505 2409 548 2457; x_wconf 89' lang='lat' dir='ltr'><strong>sed</strong></span> <span class='ocrx_word' id='word_1_198' title='bbox 556 2409 691 2456; x_wconf 79' lang='lat' dir='ltr'><strong>auctoritate</strong></span> <span class='ocrx_word' id='word_1_199' title='bbox 699 2409 822 2456; x_wconf 84' lang='lat' dir='ltr'><strong>multorum</strong></span> <span class='ocrx_word' id='word_1_200' title='bbox 833 2406 941 2455; x_wconf 82' lang='lat' dir='ltr'><strong>Codicum</strong></span> <span class='ocrx_word' id='word_1_201' title='bbox 952 2409 1104 2472; x_wconf 72' lang='lat' dir='ltr'><strong>vindicantur,</strong></span> <span class='ocrx_word' id='word_1_202' title='bbox 1113 2433 1148 2446; x_wconf 90' lang='lat'><strong>·-</strong></span> <span class='ocrx_word' id='word_1_203' title='bbox 1161 2409 1194 2457; x_wconf 82' lang='lat' dir='ltr'><strong>Et</strong></span> <span class='ocrx_word' id='word_1_204' title='bbox 1204 2411 1300 2472; x_wconf 75' lang='lat' dir='ltr'><strong>quomam</strong></span> 
     </span>
    </p>

    <p class='ocr_par' dir='ltr' id='par_1_7' title="bbox 177 2498 1369 3985">
     <span class='ocr_line' id='line_1_22' title="bbox 177 2498 1300 2564; baseline 0.001 -13"><span class='ocrx_word' id='word_1_205' title='bbox 177 2544 180 2551; x_wconf 95' lang='lat'>.</span> <span class='ocrx_word' id='word_1_206' title='bbox 283 2503 396 2551; x_wconf 83' lang='lat' dir='ltr'><strong>interdum</strong></span> <span class='ocrx_word' id='word_1_207' title='bbox 411 2515 495 2561; x_wconf 84' lang='lat' dir='ltr'><strong>casus,</strong></span> <span class='ocrx_word' id='word_1_208' title='bbox 514 2515 643 2563; x_wconf 77' lang='lat' dir='ltr'><strong>penemque</strong></span> <span class='ocrx_word' id='word_1_209' title='bbox 658 2503 839 2562; x_wconf 69' lang='lat' dir='ltr'><strong>summamus</strong></span> <span class='ocrx_word' id='word_1_210' title='bbox 857 2509 983 2562; x_wconf 72' lang='lat' dir='ltr'><strong>termarum</strong></span> <span class='ocrx_word' id='word_1_211' title='bbox 998 2498 1089 2564; x_wconf 78' lang='lat' dir='ltr'><strong>(fortes</strong></span> <span class='ocrx_word' id='word_1_212' title='bbox 1107 2504 1242 2562; x_wconf 75' lang='lat' dir='ltr'><strong>sutorum,</strong></span> <span class='ocrx_word' id='word_1_213' title='bbox 1259 2500 1300 2552; x_wconf 88' lang='lat' dir='ltr'><strong>nisi</strong></span> 
     </span>
     <span class='ocr_line' id='line_1_23' title="bbox 284 2591 1301 2664; baseline 0.002 -20"><span class='ocrx_word' id='word_1_214' title='bbox 284 2593 343 2664; x_wconf 86' lang='lat' dir='ltr'><strong>quis</strong></span> <span class='ocrx_word' id='word_1_215' title='bbox 353 2593 442 2644; x_wconf 87' lang='lat' dir='ltr'><strong>malit:</strong></span> <span class='ocrx_word' id='word_1_216' title='bbox 454 2591 599 2662; x_wconf 83' lang='lat' dir='ltr'><strong>tempora.¹)</strong></span> <span class='ocrx_word' id='word_1_217' title='bbox 608 2597 713 2645; x_wconf 77' lang='lat' dir='ltr'><strong>humanis</strong></span> <span class='ocrx_word' id='word_1_218' title='bbox 723 2597 808 2657; x_wconf 73' lang='lat' dir='ltr'><strong>repuiis</strong></span> <span class='ocrx_word' id='word_1_219' title='bbox 819 2604 932 2656; x_wconf 81' lang='lat' dir='ltr'><strong>nequeunt</strong></span> <span class='ocrx_word' id='word_1_220' title='bbox 942 2598 1076 2656; x_wconf 60' lang='lat' dir='ltr'><strong>censimum</strong></span> <span class='ocrx_word' id='word_1_221' title='bbox 1091 2599 1134 2645; x_wconf 90' lang='lat' dir='ltr'><strong>sed</strong></span> <span class='ocrx_word' id='word_1_222' title='bbox 1147 2606 1222 2646; x_wconf 84' lang='lat' dir='ltr'><strong>tamen</strong></span> <span class='ocrx_word' id='word_1_223' title='bbox 1230 2611 1301 2646; x_wconf 85' lang='lat' dir='ltr'><strong>earum</strong></span> 
     </span>
     <span class='ocr_line' id='line_1_24' title="bbox 284 2691 1300 2756; baseline 0 -16"><span class='ocrx_word' id='word_1_224' title='bbox 284 2705 351 2740; x_wconf 88' lang='lat' dir='ltr'><strong>usum</strong></span> <span class='ocrx_word' id='word_1_225' title='bbox 364 2691 542 2740; x_wconf 68' lang='lat' dir='ltr'><strong>Ecclesiasticus</strong></span> <span class='ocrx_word' id='word_1_226' title='bbox 553 2705 679 2756; x_wconf 76' lang='lat' dir='ltr'><strong>corasemus</strong></span> <span class='ocrx_word' id='word_1_227' title='bbox 687 2691 841 2752; x_wconf 77' lang='lat' dir='ltr'><strong>amplectitur,</strong></span> <span class='ocrx_word' id='word_1_228' title='bbox 854 2691 951 2739; x_wconf 87' lang='lat' dir='ltr'><strong>duorum</strong></span> <span class='ocrx_word' id='word_1_229' title='bbox 963 2692 999 2740; x_wconf 82' lang='lat' dir='ltr'><strong>uel</strong></span> <span class='ocrx_word' id='word_1_230' title='bbox 1011 2694 1079 2740; x_wconf 89' lang='lat' dir='ltr'><strong>trium</strong></span> <span class='ocrx_word' id='word_1_231' title='bbox 1086 2694 1221 2753; x_wconf 81' lang='lat' dir='ltr'><strong>priscorum</strong></span> <span class='ocrx_word' id='word_1_232' title='bbox 1235 2706 1300 2741; x_wconf 83' lang='lat' dir='ltr'><strong>erum·</strong></span> 
     </span>
     <span class='ocr_line' id='line_1_25' title="bbox 284 2785 1302 2850; baseline -0.001 -15"><span class='ocrx_word' id='word_1_233' title='bbox 284 2787 435 2850; x_wconf 81' lang='lat' dir='ltr'><strong>daturumque</strong></span> <span class='ocrx_word' id='word_1_234' title='bbox 454 2785 562 2835; x_wconf 81' lang='lat' dir='ltr'><strong>Codicum</strong></span> <span class='ocrx_word' id='word_1_235' title='bbox 577 2788 703 2834; x_wconf 82' lang='lat' dir='ltr'><strong>auctoritas</strong></span> <span class='ocrx_word' id='word_1_236' title='bbox 718 2787 863 2847; x_wconf 62' lang='lat' dir='ltr'><strong>inauratum</strong></span> <span class='ocrx_word' id='word_1_237' title='bbox 876 2809 912 2820; x_wconf 87' lang='lat'><strong>—-</strong></span> <span class='ocrx_word' id='word_1_238' title='bbox 926 2794 948 2833; x_wconf 87' lang='lat' dir='ltr'><strong>et</strong></span> <span class='ocrx_word' id='word_1_239' title='bbox 961 2788 1140 2846; x_wconf 77' lang='lat' dir='ltr'><strong>praesuminus</strong></span> <span class='ocrx_word' id='word_1_240' title='bbox 1153 2787 1232 2848; x_wconf 84' lang='lat' dir='ltr'><strong>liceat,</strong></span> <span class='ocrx_word' id='word_1_241' title='bbox 1247 2787 1302 2850; x_wconf 80' lang='lat' dir='ltr'><strong>quod</strong></span> 
     </span>
     <span class='ocr_line' id='line_1_26' title="bbox 284 2874 1299 2945; baseline -0.002 -15"><span class='ocrx_word' id='word_1_242' title='bbox 284 2881 359 2930; x_wconf 85' lang='lat' dir='ltr'><strong>divino</strong></span> <span class='ocrx_word' id='word_1_243' title='bbox 371 2883 499 2930; x_wconf 83' lang='lat' dir='ltr'><strong>uindicatur</strong></span> <span class='ocrx_word' id='word_1_244' title='bbox 508 2882 608 2945; x_wconf 80' lang='lat' dir='ltr'><strong>eloquio,</strong></span> <span class='ocrx_word' id='word_1_245' title='bbox 619 2890 645 2928; x_wconf 87' lang='lat' dir='ltr'><strong>ut</strong></span> <span class='ocrx_word' id='word_1_246' title='bbox 657 2889 692 2928; x_wconf 83' lang='lat' dir='ltr'><strong>ess</strong></span> <span class='ocrx_word' id='word_1_247' title='bbox 704 2885 754 2928; x_wconf 90' lang='lat' dir='ltr'><strong>cet.</strong></span> <span class='ocrx_word' id='word_1_248' title='bbox 766 2904 802 2914; x_wconf 88' lang='lat'>-</span> <span class='ocrx_word' id='word_1_249' title='bbox 815 2874 924 2942; x_wconf 79' lang='lat' dir='ltr'><strong>Regulus</strong></span> <span class='ocrx_word' id='word_1_250' title='bbox 936 2880 1005 2941; x_wconf 76' lang='lat' dir='ltr'><strong>iqitur</strong></span> <span class='ocrx_word' id='word_1_251' title='bbox 1018 2876 1201 2929; x_wconf 88' lang='lat' dir='ltr'><strong>Elocutionum</strong></span> <span class='ocrx_word' id='word_1_252' title='bbox 1218 2881 1299 2930; x_wconf 79' lang='lat' dir='ltr'><strong>Latiae·</strong></span> 
     </span>
     <span class='ocr_line' id='line_1_27' title="bbox 283 2959 1301 3040; baseline -0.001 -17"><span class='ocrx_word' id='word_1_253' title='bbox 283 2988 334 3023; x_wconf 78' lang='lat' dir='ltr'><strong>uon</strong></span> <span class='ocrx_word' id='word_1_254' title='bbox 342 3008 350 3033; x_wconf 91' lang='lat'><strong>,</strong></span> <span class='ocrx_word' id='word_1_255' title='bbox 365 2975 390 3023; x_wconf 87' lang='lat' dir='ltr'><strong>id</strong></span> <span class='ocrx_word' id='word_1_256' title='bbox 404 2983 439 3023; x_wconf 88' lang='lat' dir='ltr'><strong>est</strong></span> <span class='ocrx_word' id='word_1_257' title='bbox 452 2969 607 3040; x_wconf 84' lang='lat' dir='ltr'><strong>Quadrigsm</strong></span> <span class='ocrx_word' id='word_1_258' title='bbox 616 2970 716 3033; x_wconf 85' lang='lat' dir='ltr'><strong>Messii,</strong></span> <span class='ocrx_word' id='word_1_259' title='bbox 735 2975 870 3021; x_wconf 76' lang='lat' dir='ltr'><strong>omnimodis</strong></span> <span class='ocrx_word' id='word_1_260' title='bbox 884 2987 930 3020; x_wconf 83' lang='lat' dir='ltr'><strong>nou</strong></span> <span class='ocrx_word' id='word_1_261' title='bbox 942 2959 1057 3034; x_wconf 84' lang='lat' dir='ltr'><strong>sequaris,</strong></span> <span class='ocrx_word' id='word_1_262' title='bbox 1074 2974 1113 3022; x_wconf 84' lang='lat' dir='ltr'><strong>uti</strong></span> <span class='ocrx_word' id='word_1_263' title='bbox 1128 2984 1205 3022; x_wconf 85' lang='lat' dir='ltr'><strong>tamea</strong></span> <span class='ocrx_word' id='word_1_264' title='bbox 1219 2977 1301 3036; x_wconf 83' lang='lat' dir='ltr'><strong>priseo·</strong></span> 
     </span>
     <span class='ocr_line' id='line_1_28' title="bbox 283 3067 1300 3129; baseline -0.002 -12"><span class='ocrx_word' id='word_1_265' title='bbox 283 3083 334 3117; x_wconf 84' lang='lat' dir='ltr'><strong>rum</strong></span> <span class='ocrx_word' id='word_1_266' title='bbox 353 3069 459 3118; x_wconf 80' lang='lat' dir='ltr'><strong>Codicum</strong></span> <span class='ocrx_word' id='word_1_267' title='bbox 477 3069 615 3116; x_wconf 85' lang='lat' dir='ltr'><strong>auctoritate</strong></span> <span class='ocrx_word' id='word_1_268' title='bbox 633 3069 785 3115; x_wconf 87' lang='lat' dir='ltr'><strong>convinceris.</strong></span> <span class='ocrx_word' id='word_1_269' title='bbox 805 3067 906 3129; x_wconf 71' lang='lat' dir='ltr'><strong>Expedit</strong></span> <span class='ocrx_word' id='word_1_270' title='bbox 924 3069 981 3114; x_wconf 85' lang='lat' dir='ltr'><strong>euim</strong></span> <span class='ocrx_word' id='word_1_271' title='bbox 997 3069 1110 3116; x_wconf 86' lang='lat' dir='ltr'><strong>interdum</strong></span> <span class='ocrx_word' id='word_1_272' title='bbox 1128 3071 1300 3128; x_wconf 75' lang='lat' dir='ltr'><strong>praetermittere</strong></span> 
     </span>
     <span class='ocr_line' id='line_1_29' title="bbox 283 3160 1369 3223; baseline 0 -14"><span class='ocrx_word' id='word_1_273' title='bbox 283 3160 434 3210; x_wconf 81' lang='lat' dir='ltr'><strong>bumanorum</strong></span> <span class='ocrx_word' id='word_1_274' title='bbox 447 3163 561 3220; x_wconf 80' lang='lat' dir='ltr'><strong>somruias</strong></span> <span class='ocrx_word' id='word_1_275' title='bbox 575 3162 713 3220; x_wconf 80' lang='lat' dir='ltr'><strong>dictionum,</strong></span> <span class='ocrx_word' id='word_1_276' title='bbox 729 3169 750 3208; x_wconf 87' lang='lat' dir='ltr'><strong>et</strong></span> <span class='ocrx_word' id='word_1_277' title='bbox 768 3161 837 3208; x_wconf 84' lang='lat' dir='ltr'><strong>divini</strong></span> <span class='ocrx_word' id='word_1_278' title='bbox 854 3162 928 3220; x_wconf 77' lang='lat' dir='ltr'><strong>maqis</strong></span> <span class='ocrx_word' id='word_1_279' title='bbox 944 3161 1029 3223; x_wconf 71' lang='lat' dir='ltr'><strong>empuii</strong></span> <span class='ocrx_word' id='word_1_280' title='bbox 1038 3163 1153 3210; x_wconf 87' lang='lat' dir='ltr'><strong>custodire</strong></span> <span class='ocrx_word' id='word_1_281' title='bbox 1168 3176 1298 3210; x_wconf 75' lang='lat' dir='ltr'><strong>metaturam</strong></span> <span class='ocrx_word' id='word_1_282' title='bbox 1368 3167 1369 3222; x_wconf 75' lang='lat' dir='ltr'>j</span> 
     </span>
     <span class='ocr_line' id='line_1_30' title="bbox 283 3249 1300 3321; baseline 0.003 -21"><span class='ocrx_word' id='word_1_283' title='bbox 283 3250 324 3305; x_wconf 81' lang='lat' dir='ltr'><strong>Ex</strong></span> <span class='ocrx_word' id='word_1_284' title='bbox 336 3267 387 3320; x_wconf 85' lang='lat' dir='ltr'><strong>quo</strong></span> <span class='ocrx_word' id='word_1_285' title='bbox 405 3250 462 3301; x_wconf 89' lang='lat' dir='ltr'><strong>loco</strong></span> <span class='ocrx_word' id='word_1_286' title='bbox 478 3265 531 3300; x_wconf 86' lang='lat' dir='ltr'><strong>non</strong></span> <span class='ocrx_word' id='word_1_287' title='bbox 543 3257 647 3299; x_wconf 88' lang='lat' dir='ltr'><strong>tantum</strong></span> <span class='ocrx_word' id='word_1_288' title='bbox 663 3255 752 3300; x_wconf 79' lang='lat' dir='ltr'><strong>veram</strong></span> <span class='ocrx_word' id='word_1_289' title='bbox 765 3257 793 3299; x_wconf 91' lang='lat' dir='ltr'><strong>et</strong></span> <span class='ocrx_word' id='word_1_290' title='bbox 803 3249 939 3316; x_wconf 83' lang='lat' dir='ltr'><strong>genuinam</strong></span> <span class='ocrx_word' id='word_1_291' title='bbox 951 3249 1037 3303; x_wconf 90' lang='lat' dir='ltr'><strong>libelli</strong></span> <span class='ocrx_word' id='word_1_292' title='bbox 1050 3251 1242 3321; x_wconf 86' lang='lat' dir='ltr'><strong>inscriptionem</strong></span> <span class='ocrx_word' id='word_1_293' title='bbox 1253 3268 1300 3318; x_wconf 80' lang='lat' dir='ltr'><strong>cog·</strong></span> 
     </span>
     <span class='ocr_line' id='line_1_31' title="bbox 283 3339 1299 3419; baseline 0.003 -24"><span class='ocrx_word' id='word_1_294' title='bbox 283 3344 425 3407; x_wconf 84' lang='lat' dir='ltr'><strong>noscimus,</strong></span> <span class='ocrx_word' id='word_1_295' title='bbox 437 3340 496 3407; x_wconf 87' lang='lat' dir='ltr'><strong>sed,</strong></span> <span class='ocrx_word' id='word_1_296' title='bbox 507 3360 566 3394; x_wconf 89' lang='lat' dir='ltr'><strong>cum</strong></span> <span class='ocrx_word' id='word_1_297' title='bbox 575 3340 747 3419; x_wconf 86' lang='lat' dir='ltr'><strong>Cassiodorius</strong></span> <span class='ocrx_word' id='word_1_298' title='bbox 757 3340 790 3406; x_wconf 71' lang='lat' dir='ltr'><strong>ad</strong></span> <span class='ocrx_word' id='word_1_299' title='bbox 799 3339 953 3410; x_wconf 84' lang='lat' dir='ltr'><strong>Quadrigam</strong></span> <span class='ocrx_word' id='word_1_300' title='bbox 963 3343 1035 3396; x_wconf 85' lang='lat' dir='ltr'><strong>illam</strong></span> <span class='ocrx_word' id='word_1_301' title='bbox 1045 3344 1145 3409; x_wconf 88' lang='lat' dir='ltr'><strong>Messii,</strong></span> <span class='ocrx_word' id='word_1_302' title='bbox 1158 3347 1210 3398; x_wconf 87' lang='lat' dir='ltr'><strong>sive</strong></span> <span class='ocrx_word' id='word_1_303' title='bbox 1225 3350 1299 3398; x_wconf 72' lang='lat' dir='ltr'><strong>sem·</strong></span> 
     </span>
     <span class='ocr_line' id='line_1_32' title="bbox 282 3435 1297 3510; baseline 0 -21"><span class='ocrx_word' id='word_1_304' title='bbox 282 3444 339 3504; x_wconf 83' lang='lat' dir='ltr'><strong>pia,</strong></span> <span class='ocrx_word' id='word_1_305' title='bbox 359 3438 399 3489; x_wconf 85' lang='lat' dir='ltr'><strong>uti</strong></span> <span class='ocrx_word' id='word_1_306' title='bbox 420 3437 448 3489; x_wconf 92' lang='lat' dir='ltr'><strong>in</strong></span> <span class='ocrx_word' id='word_1_307' title='bbox 470 3438 565 3488; x_wconf 88' lang='lat' dir='ltr'><strong>nostris</strong></span> <span class='ocrx_word' id='word_1_308' title='bbox 581 3435 666 3488; x_wconf 90' lang='lat' dir='ltr'><strong>Codd.</strong></span> <span class='ocrx_word' id='word_1_309' title='bbox 684 3437 788 3506; x_wconf 80' lang='lat' dir='ltr'><strong>legitur,</strong></span> <span class='ocrx_word' id='word_1_310' title='bbox 810 3453 855 3488; x_wconf 88' lang='lat' dir='ltr'><strong>seu</strong></span> <span class='ocrx_word' id='word_1_311' title='bbox 876 3441 978 3502; x_wconf 76' lang='lat' dir='ltr'><strong>Rcyuias</strong></span> <span class='ocrx_word' id='word_1_312' title='bbox 995 3443 1156 3491; x_wconf 81' lang='lat' dir='ltr'><strong>Elocutiouum</strong></span> <span class='ocrx_word' id='word_1_313' title='bbox 1174 3448 1297 3510; x_wconf 84' lang='lat' dir='ltr'><strong>provocet,</strong></span> 
     </span>
     <span class='ocr_line' id='line_1_33' title="bbox 285 3519 1369 3606; baseline -0.003 -20"><span class='ocrx_word' id='word_1_314' title='bbox 285 3532 346 3586; x_wconf 89' lang='lat' dir='ltr'><strong>inde</strong></span> <span class='ocrx_word' id='word_1_315' title='bbox 359 3532 431 3604; x_wconf 91' lang='lat' dir='ltr'><strong>sequi</strong></span> <span class='ocrx_word' id='word_1_316' title='bbox 447 3530 541 3595; x_wconf 88' lang='lat' dir='ltr'><strong>debet,</strong></span> <span class='ocrx_word' id='word_1_317' title='bbox 558 3533 610 3600; x_wconf 86' lang='lat' dir='ltr'><strong>jam</strong></span> <span class='ocrx_word' id='word_1_318' title='bbox 624 3541 684 3582; x_wconf 84' lang='lat' dir='ltr'><strong>ante</strong></span> <span class='ocrx_word' id='word_1_319' title='bbox 697 3530 725 3582; x_wconf 92' lang='lat' dir='ltr'><strong>id</strong></span> <span class='ocrx_word' id='word_1_320' title='bbox 739 3541 854 3602; x_wconf 86' lang='lat' dir='ltr'><strong>tempus,</strong></span> <span class='ocrx_word' id='word_1_321' title='bbox 869 3551 922 3606; x_wconf 85' lang='lat' dir='ltr'><strong>quo</strong></span> <span class='ocrx_word' id='word_1_322' title='bbox 938 3535 1014 3586; x_wconf 89' lang='lat' dir='ltr'><strong>illum</strong></span> <span class='ocrx_word' id='word_1_323' title='bbox 1030 3535 1125 3587; x_wconf 90' lang='lat' dir='ltr'><strong>librum</strong></span> <span class='ocrx_word' id='word_1_324' title='bbox 1137 3533 1299 3588; x_wconf 87' lang='lat' dir='ltr'><strong>Cassiodorius</strong></span> <span class='ocrx_word' id='word_1_325' title='bbox 1368 3519 1369 3606; x_wconf 63' lang='lat'><strong>,</strong></span> 
     </span>
     <span class='ocr_line' id='line_1_34' title="bbox 285 3625 1298 3700; baseline -0.003 -18"><span class='ocrx_word' id='word_1_326' title='bbox 285 3627 418 3692; x_wconf 86' lang='lat' dir='ltr'><strong>scribebat,</strong></span> <span class='ocrx_word' id='word_1_327' title='bbox 430 3626 500 3678; x_wconf 92' lang='lat' dir='ltr'><strong>hunc</strong></span> <span class='ocrx_word' id='word_1_328' title='bbox 510 3635 628 3678; x_wconf 86' lang='lat' dir='ltr'><strong>nostrum</strong></span> <span class='ocrx_word' id='word_1_329' title='bbox 640 3626 811 3696; x_wconf 89' lang='lat' dir='ltr'><strong>conscriptum</strong></span> <span class='ocrx_word' id='word_1_330' title='bbox 823 3625 925 3678; x_wconf 83' lang='lat' dir='ltr'><strong>luisses</strong></span> <span class='ocrx_word' id='word_1_331' title='bbox 941 3627 1047 3694; x_wconf 86' lang='lat' dir='ltr'><strong>Messio;</strong></span> <span class='ocrx_word' id='word_1_332' title='bbox 1061 3638 1091 3680; x_wconf 93' lang='lat' dir='ltr'><strong>ut</strong></span> <span class='ocrx_word' id='word_1_333' title='bbox 1104 3627 1234 3700; x_wconf 86' lang='lat' dir='ltr'><strong>adeoque,</strong></span> <span class='ocrx_word' id='word_1_334' title='bbox 1248 3645 1298 3680; x_wconf 88' lang='lat' dir='ltr'><strong>cum</strong></span> 
     </span>
     <span class='ocr_line' id='line_1_35' title="bbox 285 3719 1369 3794; baseline -0.006 -17"><span class='ocrx_word' id='word_1_335' title='bbox 285 3733 371 3777; x_wconf 88' lang='lat' dir='ltr'><strong>noster</strong></span> <span class='ocrx_word' id='word_1_336' title='bbox 383 3731 442 3794; x_wconf 89' lang='lat' dir='ltr'><strong>post</strong></span> <span class='ocrx_word' id='word_1_337' title='bbox 453 3739 550 3774; x_wconf 87' lang='lat' dir='ltr'><strong>annum</strong></span> <span class='ocrx_word' id='word_1_338' title='bbox 563 3719 668 3772; x_wconf 87' lang='lat' dir='ltr'><strong>demum</strong></span> <span class='ocrx_word' id='word_1_339' title='bbox 679 3723 731 3773; x_wconf 78' lang='lat' dir='ltr'><strong>tas</strong></span> <span class='ocrx_word' id='word_1_340' title='bbox 744 3721 875 3785; x_wconf 84' lang='lat' dir='ltr'><strong>flomerit,</strong></span> <span class='ocrx_word' id='word_1_341' title='bbox 890 3725 1028 3774; x_wconf 83' lang='lat' dir='ltr'><strong>necessario</strong></span> <span class='ocrx_word' id='word_1_342' title='bbox 1036 3732 1147 3774; x_wconf 85' lang='lat' dir='ltr'><strong>aetatem</strong></span> <span class='ocrx_word' id='word_1_343' title='bbox 1160 3726 1215 3792; x_wconf 86' lang='lat' dir='ltr'><strong>ejus</strong></span> <span class='ocrx_word' id='word_1_344' title='bbox 1223 3721 1298 3774; x_wconf 90' lang='lat' dir='ltr'><strong>medio</strong></span> <span class='ocrx_word' id='word_1_345' title='bbox 1368 3735 1369 3782; x_wconf 55' lang='grc' dir='ltr'>ξ</span> 
     </span>
     <span class='ocr_line' id='line_1_36' title="bbox 286 3815 1297 3891; baseline -0.005 -19"><span class='ocrx_word' id='word_1_346' title='bbox 286 3820 372 3872; x_wconf 87' lang='lat' dir='ltr'><strong>seculo</strong></span> <span class='ocrx_word' id='word_1_347' title='bbox 384 3818 491 3890; x_wconf 85' lang='lat' dir='ltr'><strong>quinto,</strong></span> <span class='ocrx_word' id='word_1_348' title='bbox 510 3818 553 3870; x_wconf 79' lang='lat' dir='ltr'><strong>vel</strong></span> <span class='ocrx_word' id='word_1_349' title='bbox 563 3815 596 3870; x_wconf 92' lang='lat' dir='ltr'><strong>ad</strong></span> <span class='ocrx_word' id='word_1_350' title='bbox 607 3817 685 3870; x_wconf 85' lang='lat' dir='ltr'><strong>finem</strong></span> <span class='ocrx_word' id='word_1_351' title='bbox 697 3829 831 3886; x_wconf 83' lang='lat' dir='ltr'><strong>vergente,</strong></span> <span class='ocrx_word' id='word_1_352' title='bbox 845 3817 978 3883; x_wconf 88' lang='lat' dir='ltr'><strong>incidisse,</strong></span> <span class='ocrx_word' id='word_1_353' title='bbox 993 3837 1118 3891; x_wconf 86' lang='lat' dir='ltr'><strong>eumque,</strong></span> <span class='ocrx_word' id='word_1_354' title='bbox 1132 3821 1152 3871; x_wconf 92' lang='lat' dir='ltr'><strong>si</strong></span> <span class='ocrx_word' id='word_1_355' title='bbox 1165 3839 1218 3872; x_wconf 88' lang='lat' dir='ltr'><strong>non</strong></span> <span class='ocrx_word' id='word_1_356' title='bbox 1231 3818 1297 3890; x_wconf 88' lang='lat' dir='ltr'><strong>paulo</strong></span> 
     </span>
     <span class='ocr_line' id='line_1_37' title="bbox 287 3892 1369 3985; baseline 0 -19"><span class='ocrx_word' id='word_1_357' title='bbox 287 3892 477 3985; x_wconf 82' lang='lat' dir='ltr'><strong>antiquiorem,</strong></span> <span class='ocrx_word' id='word_1_358' title='bbox 494 3913 586 3966; x_wconf 91' lang='lat' dir='ltr'><strong>saltem</strong></span> <span class='ocrx_word' id='word_1_359' title='bbox 599 3911 756 3967; x_wconf 88' lang='lat' dir='ltr'><strong>Cassiodorio</strong></span> <span class='ocrx_word' id='word_1_360' title='bbox 773 3923 857 3966; x_wconf 86' lang='lat' dir='ltr'><strong>aetate</strong></span> <span class='ocrx_word' id='word_1_361' title='bbox 873 3912 962 3983; x_wconf 87' lang='lat' dir='ltr'><strong>parem</strong></span> <span class='ocrx_word' id='word_1_362' title='bbox 978 3913 1069 3978; x_wconf 83' lang='lat' dir='ltr'><strong>fuisse,</strong></span> <span class='ocrx_word' id='word_1_363' title='bbox 1084 3911 1250 3967; x_wconf 84' lang='lat' dir='ltr'><strong>statuendum</strong></span> <span class='ocrx_word' id='word_1_364' title='bbox 1261 3913 1296 3964; x_wconf 90' lang='lat' dir='ltr'><strong>sit.</strong></span> <span class='ocrx_word' id='word_1_365' title='bbox 1368 3935 1369 3966; x_wconf 76' lang='lat' dir='ltr'><strong>i</strong></span> 
     </span>
    </p>
   </div>
   <div class='ocr_carea' id='block_1_6' title="bbox 286 4067 1369 4231">
    <p class='ocr_par' dir='ltr' id='par_1_8' title="bbox 286 4067 1369 4231">
     <span class='ocr_line' id='line_1_38' title="bbox 322 4067 1369 4137; baseline 0 -19"><span class='ocrx_word' id='word_1_366' title='bbox 322 4067 331 4102; x_wconf 89' lang='lat'><strong>¹</strong></span> <span class='ocrx_word' id='word_1_367' title='bbox 349 4071 457 4133; x_wconf 83' lang='lat' dir='ltr'><strong>Utraque</strong></span> <span class='ocrx_word' id='word_1_368' title='bbox 474 4083 520 4120; x_wconf 80' lang='lat' dir='ltr'><strong>vox</strong></span> <span class='ocrx_word' id='word_1_369' title='bbox 537 4071 704 4134; x_wconf 73' lang='lat' dir='ltr'><strong>conjungenda</strong></span> <span class='ocrx_word' id='word_1_370' title='bbox 721 4073 816 4122; x_wconf 82' lang='lat' dir='ltr'><strong>ridetur</strong></span> <span class='ocrx_word' id='word_1_371' title='bbox 834 4073 881 4122; x_wconf 88' lang='lat' dir='ltr'><strong>sic:</strong></span> <span class='ocrx_word' id='word_1_372' title='bbox 898 4087 967 4122; x_wconf 84' lang='lat' dir='ltr'><strong>susus</strong></span> <span class='ocrx_word' id='word_1_373' title='bbox 984 4087 1113 4137; x_wconf 72' lang='lat' dir='ltr'><strong>amaraque</strong></span> <span class='ocrx_word' id='word_1_374' title='bbox 1129 4071 1298 4133; x_wconf 61' lang='lat' dir='ltr'><strong>tremiscamus!</strong></span> <span class='ocrx_word' id='word_1_375' title='bbox 1368 4067 1369 4134; x_wconf 72' lang='lat' dir='ltr'><strong>i</strong></span> 
     </span>
     <span class='ocr_line' id='line_1_39' title="bbox 286 4135 1369 4231; baseline -0.002 -17"><span class='ocrx_word' id='word_1_376' title='bbox 286 4177 389 4231; x_wconf 77' lang='lat' dir='ltr'><strong>tempora</strong></span> <span class='ocrx_word' id='word_1_377' title='bbox 406 4163 535 4212; x_wconf 78' lang='lat' dir='ltr'><strong>verborum.</strong></span> <span class='ocrx_word' id='word_1_378' title='bbox 1368 4135 1369 4160; x_wconf 43' lang='lat'>¹</span> 
     </span>
    </p>
   </div>
   <div class='ocr_carea' id='block_1_7' title="bbox 0 0 1400 5116">
    <p class='ocr_par' dir='ltr' id='par_1_9' title="bbox 0 0 1400 5116">
     <span class='ocr_line' id='line_1_40' title="bbox 0 0 1400 5116; baseline 0 2"><span class='ocrx_word' id='word_1_379' title='bbox 0 0 1400 5116; x_wconf 95' lang='lat' dir='ltr'><strong> </strong></span> 
     </span>
    </p>
   </div>
  </div>
 </body>
</html>
