2790 5116
740 311 749 342 Ι

668 431 842 493 ...29-

248 623 281 688 in
306 620 497 712 quibusdam
513 616 608 682 rebus
627 609 908 680 commemorandis
936 606 1035 674 veluti
1062 607 1204 696 proprias
1224 628 1286 670 se·

248 734 301 800 des
317 735 434 799 notavi.
460 731 604 796 Primum
625 725 761 791 solennis
779 740 823 790 est
844 725 877 788 in
898 721 989 786 amici
1008 718 1119 798 laude,
1143 736 1181 782 ut
1200 715 1286 783 loco

247 844 375 913 laudato
395 843 557 931 usurpavit
578 841 742 920 Horatius,
765 853 797 902 et
819 839 934 900 iterum
956 833 1008 912 ll,
1034 832 1091 898 ll:

389 1001 534 1064 Maecenas,
556 1017 671 1054 mearum
689 996 785 1066 grande
802 997 881 1050 decus
898 995 1070 1065 columenque
1088 991 1192 1044 mrum!

247 1177 368 1244 Plinius
387 1179 485 1266 Epist.
510 1177 577 1256 VI,
603 1177 665 1255 18,
690 1176 727 1240 9:
750 1195 847 1236 »rcum
859 1185 999 1235 nostram
1016 1163 1281 1242 familiaritatem,

247 1307 307 1356 »ut
333 1287 410 1356 soles
433 1288 624 1378 praedicare,
648 1286 688 1352 ad
712 1281 901 1375 praesidium
915 1293 1203 1367 ornamentumque
1217 1275 1282 1340 tibi

247 1403 446 1468 »sumseris.”
460 1400 568 1467 Cicero
580 1399 620 1464 ad
634 1399 755 1464 Divers.
776 1395 862 1475 XV,
886 1396 945 1460 ll:
969 1416 1047 1484 »ego
1069 1407 1176 1456 autem
1192 1413 1282 1453 sem-

247 1539 326 1604 »per
344 1529 529 1581 ornamento
551 1528 582 1578 te
606 1511 685 1578 milri
702 1507 768 1576 sore
785 1508 881 1574 duxi:
903 1505 988 1572 fuisti
1013 1506 1107 1570 etiam
1121 1501 1281 1591 praesidio
1381 1556 1382 1593 ,

248 1628 445 1693 »tristissimis
468 1627 544 1692 meis
564 1621 793 1713 temporibus.”
818 1619 1007 1685 Censorinus
1020 1617 1060 1684 de
1078 1617 1137 1682 Die
1150 1611 1276 1692 Natali,
1381 1636 1382 1649 ¹

248 1765 276 1806 c.
301 1743 336 1806 3:
360 1764 456 1806 »cum
475 1761 514 1804 ex
536 1755 567 1802 te
588 1755 707 1828 tuaque
726 1729 861 1801 amicitia
881 1732 1055 1814 honorem,
1071 1729 1275 1820 dignitatem,
1380 1756 1382 1817 t

248 1853 364 1919 »decus
387 1870 483 1942 atque
500 1849 690 1938 praesidium
713 1846 895 1936 recipiam.'’
940 1843 1075 1927 Seneca,
1100 1859 1138 1907 ut
1154 1839 1274 1920 fertur,

247 1967 388 2030 carmine
413 1964 454 2029 ad
476 1961 641 2050 Crispum:

1380 1384 1382 1423 l

1380 1938 1382 1983 l

390 2124 463 2174 Solus
481 2120 564 2174 honor
581 2119 668 2184 nobis,
690 2137 735 2171 arx
753 2128 780 2172 et
798 2119 925 2171 tutissima
944 2115 1036 2170 nobis!

249 2294 457 2388 Symmachus
476 2294 577 2382 Epist.
600 2293 651 2373 V,
675 2293 737 2360 20:
768 2290 935 2358 »Pleniora
956 2293 1041 2357 enim
1065 2291 1214 2380 praesidia
1227 2306 1276 2354 at·
1381 2332 1382 2341 κ

249 2432 335 2498 »que
359 2419 543 2473 ornamenta
561 2407 601 2472 de
617 2407 717 2472 amico
740 2422 900 2494 praesente
918 2403 1132 2494 caperemus.''
1156 2403 1276 2496 Agroe·

250 2523 329 2604 tius,
352 2523 387 2585 in
403 2517 538 2585 Praefat.
567 2520 608 2585 ad
632 2516 795 2585 Libellum
820 2519 860 2584 de
892 2516 1150 2608 Orthographia,
1173 2533 1273 2583 extr.:
1381 2538 1382 2567 t

250 2631 354 2702 »Vale
367 2656 489 2730 memor
505 2634 617 2724 nostri,
641 2632 735 2697 decus
755 2646 787 2696 et
803 2631 993 2718 praesidium
1011 2625 1160 2695 meum!”
1183 2627 1278 2696 Simi-

249 2744 322 2811 liter
357 2745 485 2831 Tacitus
512 2743 654 2836 Agricol.
683 2745 724 2813 6:
761 2744 823 2809 »ld
844 2745 1082 2808 matrimonium
1096 2742 1139 2808 ad
1159 2746 1279 2832 majora
1381 2798 1382 2803 ,

250 2859 385 2924 »nitenti
407 2858 500 2924 decus
520 2881 556 2923 ac
581 2856 681 2923 robur
698 2855 793 2923 fint.”
817 2855 946 2934 Seneca,
969 2853 1096 2921 Consol.
1113 2856 1154 2921 ad
1173 2856 1275 2921 Marc.
1381 2924 1382 2951 ,

250 2997 279 3039 c.
305 2973 362 3041 ll:
385 2976 578 3063 »juvenem,
599 2975 662 3062 jam
685 2972 797 3051 matri,
820 2974 883 3058 jam
907 2971 1008 3058 patri,
1032 2970 1221 3057 praesidium
1238 2994 1279 3036 ac

251 3085 400 3152 »decus.”
445 3082 554 3150 Sioda
578 3085 646 3149 viro
666 3107 781 3175 magno
800 3084 835 3147 in
854 3079 1035 3170 republica,
1058 3080 1173 3148 Seneca
1194 3082 1274 3148 ibid.

251 3222 280 3262 c.
307 3198 366 3262 20:
413 3197 626 3283 »Pompejum
658 3197 745 3260 istius
766 3195 860 3260 decus
889 3192 1189 3284 firmamentumque
1214 3199 1278 3262 im-

251 3309 351 3395 »perii
364 3307 395 3388 ·,”
416 3308 508 3396 ‘quod
534 3308 673 3371 ornatius
693 3303 807 3371 extulit
828 3306 955 3372 Curtius
972 3307 1037 3387 IX,
1063 3309 1095 3387 6,
1132 3305 1277 3375 Alexan-

251 3421 347 3487 drum
368 3441 483 3484 vocans
504 3419 730 3486 »Macedoniae
751 3418 899 3486 columen
918 3445 955 3486 ac
981 3421 1102 3487 sidus.”

184 3555 189 3566 ·
295 3532 377 3597 Item
405 3548 576 3619 usurpatur
598 3530 637 3596 de
662 3532 772 3630 armis=
796 3548 835 3598 ut
857 3531 1009 3624 Virgilius
1027 3531 1109 3599 Aen.
1130 3531 1175 3602 V.
1196 3534 1274 3601 262.

251 3643 382 3710 loricam
399 3661 490 3710 vocat
507 3645 623 3710 »decus
644 3661 676 3708 et
692 3661 833 3710 tutamen
850 3645 883 3714 in
898 3646 1025 3711 armis.’'
1048 3644 1157 3713 Sidon.
1171 3643 1278 3736 Apol-

252 3756 310 3824 lin.
333 3757 434 3846 Epist.
453 3755 520 3840 IV,
546 3757 606 3822 20:
631 3756 713 3836 »Eo‚
732 3781 798 3848 quo
817 3757 1023 3825 comebantur
1045 3775 1177 3843 ornatu,
1200 3783 1275 3825 mu-

251 3868 477 3935 »niebantur.'’
501 3869 595 3952 Quod
615 3866 771 3960 eleganter
787 3867 820 3936 S.
845 3870 1056 3962 Hieronymus
1074 3869 1115 3937 ad
1131 3872 1274 3938 animum

251 3980 411 4046 transtulit
432 3983 465 4045 in
484 3980 613 4070 epistold
638 3982 679 4047 ad
702 3983 934 4071 Nepotianum:
958 3983 1131 4073 »(quatuor
1148 3984 1274 4050 virtuti-

251 4092 334 4158 »bus
363 4091 586 4183 cardinalibus)
616 4119 654 4160 ex
688 4097 774 4162 omni
800 4111 889 4184 parte
916 4095 1087 4175 decorata,
1124 4097 1271 4188 cingeris,

252 4221 368 4298 »atque
390 4207 577 4295 protegeris:
602 4229 743 4296 gemmae
766 4225 935 4274 vertuntur
954 4210 989 4274 in
1010 4209 1131 4276 scuta.”
1215 4219 1217 4223 ’
