2790 5116
747 315 757 345 Ι

675 434 849 496 ..91-

255 622 288 687 11
313 620 504 712 quibusdam
520 617 615 683 rebus
634 611 915 681 commemorandis
943 609 1041 677 veluti
1069 611 1211 700 proprias
1231 631 1285 674 se-

255 734 308 800 des
323 735 441 800 notavi.
467 732 611 796 Primum
633 726 768 792 solennis
786 743 830 792 est
851 727 885 790 in
905 725 997 790 amici
1014 720 1126 801 laude,
1150 739 1187 786 ut
1207 720 1284 787 loco

254 844 382 911 laudato
402 844 564 932 usurpavit
584 841 749 923 Horatius,
772 841 940 904 etiterum
962 837 1014 915 Π,
1041 836 1098 902 171

395 1001 541 1064 Maecenas,
563 1019 678 1056 mearum
696 999 791 1068 grande
809 999 887 1052 decus
905 999 1077 1068 columenque
1095 995 1197 1048 rerum!

253 1177 375 1244 Plinius
393 1179 492 1267 Epist.
516 1177 583 1257 vl,
610 1178 672 1256 18,
696 1179 733 1242 91
757 1198 852 1239 »cum
865 1188 1004 1239 nostram
1023 1166 1282 1248 familiaritatem,

253 1307 314 1356 »ut
339 1287 417 1356 soles
439 1289 630 1378 praedicare,
654 1285 695 1354 ad
718 1284 907 1376 praesidium
921 1295 1207 1371 ornamentumque
1221 1279 1283 1344 tibi

254 1403 452 1468 »sumseris.”
466 1401 574 1468 Cicero
586 1401 626 1466 ad
640 1401 761 1467 Divers.
782 1397 868 1478 XV,
892 1399 951 1464 ll:
975 1419 1053 1486 »ego
1075 1412 1182 1460 autem
1198 1417 1284 1457 scm-

253 1539 332 1604 »per
350 1530 534 1580 ornamento
557 1531 588 1578 te
611 1513 691 1579 mibi
708 1510 774 1578 sore
791 1511 887 1576 duxi:
909 1509 994 1576 finisti
1019 1510 1113 1574 etiam
1127 1505 1284 1595 praesidio

254 1628 451 1693 »tristissimis
473 1627 549 1692 meis
570 1624 799 1715 temporibus.”
823 1622 1012 1688 Censorinus
1026 1621 1065 1686 de
1084 1621 1143 1685 Die
1155 1615 1280 1697 Natali,

254 1763 282 1805 c.
307 1743 342 1806 3:
365 1763 462 1806 »eum
481 1761 520 1804 ex
541 1754 573 1803 te
594 1755 712 1829 tuaque
732 1733 867 1803 amicitia
887 1735 1060 1818 honorem,
1076 1733 1280 1824 dignitatem,

253 1853 369 1918 »decus
393 1870 488 1942 atque
505 1851 696 1939 praesidium
718 1849 900 1938 recipiam.'’
946 1846 1080 1931 Seneca,
1105 1862 1143 1911 nt
1159 1843 1280 1925 fertur,

253 1967 393 2030 carmine
418 1965 459 2029 ad
481 1962 646 2050 Crispum:

396 2124 470 2176 Solus
485 2121 568 2175 bonor
586 2121 673 2185 uobis,
695 2137 740 2172 arx
758 2131 785 2173 et
803 2121 931 2173 1111111111
949 2119 1041 2173 nobis!

254 2294 462 2388 Symmachus
481 2295 582 2382 Epist.
605 2295 656 2375 V,
680 2295 742 2362 20:
773 2292 940 2360 »Pleniora
961 2297 1046 2360 enim
1069 2295 1220 2384 praesidia
1232 2311 1281 2360 at·

254 2432 340 2499 »que
364 2419 548 2472 ornamenta
566 2408 605 2474 de
622 2409 721 2473 amico
745 2425 905 2497 praesente
923 2408 1137 2497 caperemus.''
1160 2407 1282 2500 Agroe-

255 2523 334 2604 tius,
356 2523 391 2585 in
408 2517 542 2586 Praefat.
571 2521 613 2586 ad
636 2518 799 2586 Libellum
825 2521 865 2586 de
897 2520 1154 2612 Orthograpbia,
1177 2538 1279 2589 extr.:

254 2631 359 2702 »Vale
372 2657 493 2731 memor
510 2635 621 2726 nostri,
645 2633 740 2698 decus
760 2649 791 2698 et
808 2633 997 2721 praesidium
1015 2629 1164 2698 meum!”
1187 2631 1280 2700 Simi-

254 2744 326 2811 liter
361 2746 489 2830 Tacitus
517 2744 658 2837 Agricol.
687 2747 728 2815 61
765 2747 827 2812 »Id
848 2747 1086 2812 matrimonium
1100 2746 1143 2812 ad
1163 2750 1279 2836 majora

254 2859 389 2924 »nitenti
410 2858 504 2924 deeras
524 2881 560 2923 ac
585 2856 685 2924 robur
702 2857 797 2925 fuit?
821 2857 950 2937 Seneca,
973 2855 1100 2924 Consol.
1117 2860 1158 2927 ad
1176 2861 1275 2926 Marc.

254 2996 283 3038 c.
309 2973 366 3040 171
389 2976 582 3063 »juvenem,
603 2975 666 3062 jam
689 2974 800 3053 matri,
824 2976 887 3060 jam
911 2974 1012 3061 patri,
1036 2974 1226 3060 praesidium
1243 2997 1278 3040 ac

255 3084 404 3151 »decus.”
449 3083 499 3150 Sic
519 3084 559 3151 de
582 3086 651 3150 viro
670 3109 785 3176 magno
804 3086 838 3148 in
858 3081 1038 3172 republica,
1062 3083 1177 3151 Seneca
1197 3086 1274 3152 ibid.

254 3222 283 3262 c.
311 3198 370 3262 20:
417 3198 630 3285 »Pompeium
662 3198 749 3288 istius
769 3197 864 3262 decus
893 3194 1192 3288 firmamentumque
1218 3202 1276 3266 im·
1378 3225 1379 3240 ¹

255 3310 354 3396 »perii
368 3308 399 3389 3''
421 3309 511 3397 ¹quod
537 3309 676 3373 ornatius
696 3305 811 3373 extulit
832 3307 959 3374 Curtius
976 3309 1041 3390 IX,
1066 3312 1099 3390 6,
1136 3309 1275 3379 Alexan-

255 3421 351 3487 drum
372 3443 486 3485 vocans
508 3420 733 3488 »Macedoniae
754 3420 902 3488 columen
922 3447 959 3488 ac
984 3424 1106 3490 sidus.”

186 3555 192 3566 ’
299 3532 380 3597 Item
408 3550 580 3620 usurpatur
601 3533 640 3598 de
665 3535 775 3632 armis:
799 3551 837 3600 ut
860 3533 1012 3627 Virgilius
1030 3534 1112 3602 Aen.
1133 3535 1178 3606 V.
1199 3539 1273 3604 962.

255 3643 385 3710 loricam
402 3662 493 3710 vocat
510 3645 626 3711 »decus
647 3663 680 3711 et
695 3663 836 3712 tutamen
852 3649 886 3713 in
901 3649 1028 3714 armis.''
1051 3648 1160 3716 Sidon.
1174 3647 1276 3740 Apol·

254 3755 313 3823 lin.
336 3756 437 3846 Epist.
456 3756 523 3840 IV,
549 3759 609 3823 20:
634 3758 716 3838 »Eo,
735 3783 801 3850 quo
820 3759 1026 3827 comebantur
1048 3779 1180 3847 ornatu,
1203 3787 1274 3829 rnu-

254 3868 480 3935 »niebantur.''
504 3869 598 3952 Quod
617 3867 774 3961 eleganter
790 3869 822 3938 S.
848 3872 1059 3965 Hieronymus
1077 3873 1118 3941 ad
1134 3877 1274 3942 animum
1378 3957 1379 3966 ἶ

253 3979 414 4046 transtulit
434 3983 468 4045 iu
486 3980 616 4070 epistola
641 3983 681 4048 ad
705 3985 937 4073 Nepotianum:
961 3986 1134 4076 »(quatuor
1151 3987 1275 4054 virtuti·
1378 4007 1379 4078 ᾗ

253 4092 337 4159 »bus
365 4091 589 4183 cardinalibus)
618 4120 657 4161 ex
690 4099 778 4163 omni
802 4113 892 4186 parte
919 4098 1089 4179 decoraris,
1126 4101 1273 4192 cingeris,
1378 4167 1379 4176 ,

254 4222 370 4299 »atque
392 4207 580 4296 protegeris:
604 4230 745 4297 gemmae
768 4227 938 4277 vertuntur
957 4214 991 4278 in
1013 4213 1134 4280 scuta·''
