2790 5116
513 463 687 526 -tt-
790 444 794 451 ’

87 641 252 734 »singulos
270 645 349 710 sicut
367 645 522 733 operarios
538 645 751 737 barbarosque
772 629 969 728 contemnas,
986 673 1037 716 eos
1051 673 1113 714 esse

86 754 236 848 »aliquid
251 773 363 846 putare
379 758 573 825 universos.’'
595 757 641 825 At
656 760 760 825 minus
775 757 901 827 sortasse
916 777 1031 828 notum
1048 776 1113 841 est,

85 861 221 934 eandem
234 870 419 961 exquisitam
433 872 616 936 sententiam
629 871 806 938 adhibuisse
821 874 912 938 Joan.
928 872 1115 964 Cbrysosto-

84 1005 192 1064 mum,
206 980 326 1049 Homil.
347 985 387 1048 17
398 985 431 1049 in
446 985 508 1072 Ep.
523 985 564 1050 ad
578 983 670 1049 Rom.
691 986 732 1051 T.
752 986 811 1052 IX.
826 1010 859 1074 p.
874 987 938 1052 697
948 986 988 1051 ed
1002 987 1115 1051 Mont-

81 1091 184 1159 fauc.:
202 1092 334 1182 sadduco
351 1093 407 1184 γαλρ
425 1095 627 1184 ἕταιριζομὲνη
640 1095 715 1184 γυνη
732 1099 780 1165 καλ
791 1100 842 1165 ε’πλ
855 1103 912 1166 τοῦ
928 1097 1049 1185 στέγους
1064 1099 1115 1166 ἔσ-

81 1211 171 1274 rasa
188 1213 281 1274 πᾶσιν
294 1206 403 1292 ἑαυτήν
414 1209 584 1288 έκδίδωσιν,
602 1202 681 1276 οὕτω
698 1211 747 1274 καί
760 1211 790 1276 οἱ
808 1210 971 1288 κενοδοξίας
990 1213 1112 1287 δοῦλοι,
1169 1199 1173 1210 ’

80 1318 249 1400 μᾶλλονδὲ
259 1320 310 1384 καὶ
322 1318 430 1404 ἐκείνης
439 1321 576 1404 αἰσχίους
584 1314 681 1387 οὗτοι·
699 1323 805 1388 ἐκεῖναι
817 1321 873 1404 μὲν
884 1325 942 1407 γαίρ
956 1321 1116 1405 πολλαχοῦ

80 1422 309 1516 κατεφρόνησοίν
325 1455 414 1497 τινων
432 1429 617 1515 ἕρασθέντων
637 1430 745 1499 αὐτῶν
763 1430 803 1498 οδ
826 1432 861 1498 δέ
885 1425 981 1499 ἅπασι
1004 1431 1115 1499 σαυτδν

80 1539 259 1628 προέθηκας
264 1589 275 1620 ,
283 1542 332 1606 καθ
344 1539 518 1627 δραπέταις,
527 1544 576 1606 καὶ
585 1548 727 1631 λῃσταῖς,
736 1543 785 1606 καὶ
793 1541 1043 1626 βαλαντιοτόμοις
1053 1542 1115 1610 α’πδ

79 1651 140 1742 γαρ
160 1648 279 1722 τούτων
298 1653 347 1718 καὶ
366 1657 428 1718 τῶν
442 1651 586 1717 τοιούτων
602 1654 641 1717 τοὶ
655 1653 835 1718 ἐπαινοῦντα
848 1652 936 1735 ’ὑμᾶς
954 1655 1113 1740 συνέστηκε

80 1766 210 1852 θέατρα,
218 1757 328 1840 καλοῧς
336 1752 406 1828 καθ’
415 1759 540 1838 ἓαυτοθς
551 1754 639 1838 ὄντας
649 1760 767 1839 ου’δενδς
777 1763 877 1840 α’ξίους
890 1759 963 1829 είναι
973 1765 1061 1845 νομίζ
1061 1790 1100 1842 εις
1103 1815 1115 1846 ,

78 1873 211 1955 τούτους
220 1871 413 1958 συλλεγέντας
424 1877 478 1958 τη”ς
492 1876 620 1938 σεαυτοῦ
632 1878 778 1964 προτιμᾷς
794 1875 956 1962 σωτηρίας,
969 1878 1019 1940 καὶ
1034 1868 1112 1946 πείν-

79 2001 146 2055 των
160 1987 281 2054 ἐκείνων
294 1979 466 2070 ιίτιμότιρον
478 1980 587 2050 σαυτδν
602 1983 784 2070 α’ποφαίνεις.
809 1983 1061 2076 Chrysostomus‚
1076 2003 1114 2052 ut

79 2097 216 2176 Cicero,
244 2096 284 2160 ad
306 2093 483 2158 ambitionis
504 2096 672 2159 vanitatem
693 2094 818 2180 retulit3
845 2099 899 2164 sed
922 2122 987 2165 non
1008 2102 1113 2188 potuit

79 2234 124 2276 ex
149 2207 306 2298 religionis
321 2205 512 2272 Christianae
533 2185 674 2272 doctrina
689 2205 793 2274 fabros
812 2227 844 2275 et
862 2211 1016 2299 operarios
1034 2234 1112 2277 oon-

79 2321 270 2388 temnendos
290 2319 407 2400 dicere,
433 2319 566 2410 ideoque
589 2322 752 2410 usurpavit
772 2319 914 2410 exempla
941 2323 1111 2389 bominum

79 2432 310 2501 maleficorum.
340 2430 456 2518 Affinis·
477 2457 607 2522 quoque
630 2449 675 2498 est
695 2437 846 2500 sententia
869 2433 902 2500 S.
926 2434 1113 2526 Hieronymi

81 2549 118 2614 in
143 2543 285 2637 Epistola
308 2545 350 2611 ad
376 2543 634 2626 pammachium,
661 2544 719 2612 ubi
742 2543 885 2639 loquitur
913 2545 952 2611 de
979 2549 1113 2612 oratori-

81 2659 146 2727 bus
169 2663 277 2728 sacris:
307 2659 442 2741 »Nostra
466 2683 564 2751 quam
589 2660 668 2725 dura
691 2662 730 2726 sit
752 2662 928 2741 necessitas,
954 2661 1031 2728 hinc
1053 2685 1112 2750 po-

81 2792 153 2840 ntes
173 2774 437 2854 animadvertere,
463 2775 552 2864 quod
572 2771 662 2864 vulgi
684 2774 832 2839 standum
854 2790 898 2838 est
919 2771 1053 2862 jndicio,
1080 2789 1112 2838 et

82 2883 173 2952 »ille'
187 2887 221 2949 in
247 2883 352 2950 turba·
368 2886 555 2952 metuendus
562 2935 573 2966 ‚
597 2885 701 2974 'quem
708 2933 719 2964 ,
747 2907 822 2949 cum
848 2882 962 2948 videris
988 2881 1109 2966 solum,

81 2997 289 3087 »despicias.’'

128 3111 257 3177 Addam
270 3108 365 3176 aliam
381 3113 549 3176 sententiae
563 3110 695 3176 Socratis
706 3110 793 3198 apud
809 3109 991 3197 scriptorem
1005 3125 1110 3198 poste-

81 3226 198 3290 riorem
215 3225 431 3290 imitationem.
445 3223 585 3289 Socrates
601 3223 691 3302 dixit,
707 3238 855 3287 narrante
870 3222 984 3286 iternm
1001 3223 1111 3289 Xeno-

81 3337 204 3426 phonte
223 3339 359 3403 Memor.
377 3336 493 3416 1‚2‚9:
516 3336 557 3414 οἷς
571 3333 673 3423 μωρδν
689 3334 750 3422 εἴη,
770 3333 840 3414 τοδς
854 3335 912 3418 μὲν
922 3340 982 3422 Ιτῆς
998 3332 1111 3414 πόλεως

80 3445 231 3538 ἄρχοντας
239 3450 300 3518 dud
312 3446 429 3534 κυοίμου
442 3448 648 3527 καθίστασθαι,
659 3445 822 3539 κυβερνήτῃ
836 3448 871 3514 δέ
885 3446 1004 3535 μηδένα
1018 3447 1111 3514 θέλειν

81 3570 244 3652 κεχρῆσθαι
253 3571 422 3659 κυαμευτῷ,
434 3566 514 3652 μηδὲ
526 3562 648 3644 τέιίτονι,
661 3566 735 3652 μηδ’
748 3565 883 3655 αὐλητῇ,
894 3563 967 3650 μηδ’
977 3563 1024 3630 ἐπ’
1032 3557 1111 3629 dna

80 3681 225 3756 τοιαῦτα,
241 3670 264 3742 d
278 3681 383 3769 πολλῷ
404 3667 562 3754 έλοίττονας
576 3675 691 3761 βλάβας
710 3673 939 3764 ἁμαρτανόμενα
955 3681 1036 3742 ποιεῖ
1049 3680 1112 3741 τῶν

82 3789 150 3876 περὶ
160 3785 216 3874 την
225 3783 313 3855 πόλιν
325 3786 585 3876 ἁμαρτανομένων.
615 3789 703 3852 Idem
727 3787 806 3853 dixit
830 3785 923 3850 Philo
952 3786 1109 3866 Judaeus,

83 3896 131 3962 De
149 3897 312 3963 Creatione
324 3900 488 3986 Principis,
502 3901 608 3963 initio:
632 3899 670 3970 οδ
690 3899 790 3966 τοίνυν
808 3895 947 3984 προσήκει
965 3897 1112 3978 δεσπότας

83 4010 134 4075 καλ
153 4009 298 4096 ἡγεμόνας
312 4003 392 4083 ὅλων
414 4007 596 4080 πόλεμονκαὶ
615 4013 710 4077 ἐθνῶν
729 4009 902 4095 ἀποφαίνειν
923 4007 992 4088 τοδς
1011 4007 1111 4104 κλήρῳ

83 4117 240 4204 λαχόντας
251 4162 292 4176 -
304 4121 370 4190 ἀλλ’
389 4125 429 4201 εἷς
442 4122 500 4208 μέν
515 4126 576 4190 τῶν
590 4115 761 4202 καμνόντων
773 4117 941 4202 ἐπιμέλειαν
955 4127 1061 4210 κλῆρος
1076 4122 1113 4194 ro*
