2790 5116
523 421 698 484 ..25-

89 612 156 676 tius
179 606 394 698 supplendum
418 609 562 674 videtur:
587 609 750 698 Implieass
775 626 903 700 propter
919 609 1114 677 manifestam

87 726 301 790 imitationem
323 720 507 810 Calpurnii,
526 719 644 812 Euloga
665 721 692 786 I.
715 746 746 787 v.
774 725 833 788 in:

392 889 428 900 --
444 859 490 912 ubi
507 858 577 927 iupis
594 876 672 930 eques
689 857 774 912 radice
792 859 839 912 sub
856 862 909 913 ima
1007 825 1011 830 ·

234 955 361 1024 Protegit,
381 964 408 1006 et
425 955 502 1006 ramis
519 954 662 1006 errantibus
680 955 796 1028 implicat
812 958 924 1008 umbrae.

88 1073 240 1140 Acumen
261 1096 368 1138 versus
388 1073 538 1154 secundi,
560 1091 591 1139 et
615 1075 813 1164 sequentium
837 1073 976 1140 horum:

235 1209 289 1261 Nec
307 1225 444 1262 commune
462 1209 510 1261 eibi
528 1218 630 1280 tempu!
646 1210 775 1280 permittit
792 1219 820 1262 et
836 1229 917 1275 anno,

271 1303 453 1375 Privatamque
471 1303 592 1372 hyemem
609 1304 715 1357 frondea
732 1314 800 1358 tecta
819 1315 921 1372 tenent:

89 1423 228 1488 ductum
250 1447 311 1488 esse
335 1424 460 1489 videtur
488 1449 525 1490 ex
549 1423 743 1506 Claudiano,
773 1426 813 1491 de
840 1426 945 1514 Raptu
968 1425 1110 1512 Proserp.

89 1539 142 1618 II,
170 1540 251 1604 105:

235 1681 356 1752 Silvaque
373 1691 499 1735 torrentes
515 1700 644 1734 ramorum
662 1681 752 1750 frigore
769 1683 835 1735 soles

236 1774 388 1847 Temperat,
408 1786 435 1829 et
452 1775 541 1830 medio
557 1777 676 1830 bunnam
694 1777 741 1829 sibi
760 1775 873 1831 vindicat
891 1785 971 1829 aestu.

2 1974 3 1977 Ἴ
90 1902 243 1968 Ceterum
263 1901 331 1967 sons
347 1905 514 1968 sententiae
527 1927 565 1966 ex
578 1904 642 1991 ipsa
659 1920 771 1969 natura
783 1904 877 1993 petita
888 1919 951 1968 est:
968 1919 1004 1968 ut
1021 1904 1114 1968 etiam

90 2014 247 2107 Virgilius
254 2017 368 2106 frigus
388 2017 428 2082 de
446 2015 561 2081 umbra
577 2016 674 2097 dixit,
698 2014 768 2082 Ecl.
791 2017 817 2082 Ι.
830 2040 862 2082 v.
883 2018 945 2096 53,
967 2015 1025 2081 ubi
1044 2017 1110 2082 vid.

91 2128 207 2209 serv„
239 2145 269 2195 et
298 2129 342 2194 ΙΙ.
375 2153 407 2194 v.
439 2128 471 2194 8.
493 2166 539 2180 -
575 2127 636 2196 Sed
663 2153 768 2220 neque
791 2126 880 2194 illam
903 2127 1113 2195 locutionem:

81 2243 231 2331 frondea
258 2255 339 2308 tecta
363 2242 403 2307 de
421 2265 478 2308 suo
504 2241 602 2308 hahet
629 2241 853 2309 Merobaudes:
884 2240 979 2307 debet
1009 2243 1114 2322 enim,

92 2356 155 2420 nisi
178 2352 292 2438 fallor,
315 2352 468 2446 Virgilio,
492 2355 608 2447 Georg.
630 2352 679 2423 IV
687 2405 697 2436 ,
722 2356 784 2422 61:

306 2519 343 2532 -
360 2510 438 2564 aquas
456 2491 558 2557 duleee,
579 2501 605 2545 et
623 2491 730 2545 frondea
747 2509 847 2564 semper

238 2585 319 2640 Tecta
336 2596 444 2659 petunt:

92 2733 111 2772 a
139 2727 206 2798 quo
223 2706 365 2773 eamdem
383 2707 542 2796 petierunt
563 2705 637 2787 alii,
659 2721 697 2771 ut
716 2704 893 2773 venantius
923 2702 1117 2769 Fortunatus

93 2821 129 2884 in
150 2819 280 2910 Hymno
301 2820 341 2887 de
360 2819 583 2886 resurrectione
603 2818 748 2884 Domini:

240 3003 298 3058 Iam
315 3013 417 3075 reparat
434 3001 546 3056 viridans
563 3000 669 3054 frondea
686 3009 756 3076 tecte
772 3003 871 3053 nemus.

92 3177 185 3246 Idem
208 3178 243 3242 in
262 3192 405 3266 poemate
428 3175 468 3241 de
491 3172 587 3239 horto
605 3170 846 3264 Ultrogothonis
864 3171 1018 3262 Reginae:

236 3363 286 3416 liic
302 3372 377 3416 tener
393 3362 501 3415 aestives
518 3356 638 3414 defendit
654 3361 791 3432 pampinus
808 3359 925 3424 umbras,

273 3457 383 3510 Praebet
400 3466 428 3509 et
445 3456 550 3510 uviferis
567 3455 676 3510 frondea
692 3465 761 3510 tecta
779 3456 869 3509 onmis.

95 3648 195 3716 quem
222 3621 331 3690 locum
360 3578 541 3713 exinessum
564 3621 697 3714 putabat
722 3583 922 3690 Burmannus
953 3645 990 3686 ex
1022 3620 1115 3711 Virg.

95 3739 215 3829 Georg.
236 3735 271 3819 Ι,
295 3736 378 3802 448ε

238 3923 310 3979 Heni
329 3925 397 3978 mele
415 3935 472 3978 tum
489 3922 560 3976 mitis
578 3918 701 3975 defendet
718 3919 854 3991 pampinus
870 3934 941 3972 um.

100 4093 161 4161 Sed
176 4100 348 4182 pampinus
366 4108 448 4158 recte
461 4115 537 4159 uvas
556 4087 725 4179 defeudm
742 4085 872 4168 dieitur3
896 4101 933 4150 ut
946 4107 1020 4151 vero
1033 4084 1120 4152 dim·

98 4221 150 4273 tur
185 4207 313 4272 umbras
340 4205 529 4296 defendere,
552 4199 646 4293 plene
667 4218 711 4266 est
733 4200 924 4268 contrarium
945 4215 976 4264 et
996 4199 1041 4265 rei
1062 4222 1120 4268 na-
