2790 5116
511 468 683 532 ...ομ

77 654 205 718 minisse
230 649 342 732 Plinii,
365 673 452 716 more
476 673 532 716 suo
553 653 586 716 in
603 650 739 739 perditos
760 645 854 714 seculi
875 673 976 715 mores
996 648 1099 715 decla-

77 765 214 830 mantis:
260 763 333 830 Nat.
357 763 437 828 Hist.
468 764 534 843 XI,
560 763 621 826 97:
668 762 755 829 »Nec
784 761 900 850 puduit
923 761 979 827 has
1003 777 1101 828 restes

80 903 96 939 ν
105 874 336 966 (bombycinus)
362 897 512 964 usrupare
539 876 632 940 etiam
661 876 759 955 viros,
790 873 949 940 levitatem
970 855 1149 963 pmpterb

78 990 259 1055 »aestivam
307 989 346 1054 In
362 1003 488 1054 tantum
505 1011 523 1052 a
540 984 636 1053 lorica
653 986 787 1080 gerenda
807 988 966 1054 discessere
985 1012 1099 1067 mores,

79 1117 140 1166 »ut
163 1101 250 1166 oneri
278 1101 316 1165 sit
345 1101 438 1166 etiam
462 1101 586 1168 vestis.'’
605 1137 643 1154 -·
669 1100 753 1185 Quid
775 1101 899 1166 dixisset
927 1099 1047 1167 Plinius
1067 1103 1101 1166 in

79 1215 183 1293 viros,
207 1211 324 1303 quibus
341 1214 404 1302 ipsa
421 1213 498 1279 adeo
522 1212 713 1306 bombycina
738 1216 828 1282 vestis
853 1231 928 1281 esset
948 1212 1062 1306 oneri-g

535 1411 649 1431 neo·—

521 1602 601 1663 GAP.
622 1601 672 1662 vl.

127 1757 220 1841 Quod
239 1730 272 1824 in
296 1773 437 1823 veterum
466 1753 708 1820 Atheniensium
728 1752 822 1820 laude
841 1755 932 1843 ponit
956 1755 1101 1824 Isocrates

82 1872 236 1961 Panegyr.
257 1893 326 1957 eap.
350 1871 403 1932 22:
424 1861 473 1928 Oti
488 1861 547 1949 yrip
561 1855 806 1948 ω’λιγῶροοντοῖν
822 1864 1010 1944 νοινῶν,ου’δ’
1031 1865 1102 1932 α’νιέ-
1197 1890 1202 1901 ·

81 1988 176 2050 lavor
189 1982 246 2065 pie
262 1981 305 2059 ὥς
320 1983 414 2060 ἰδίων,
434 1979 616 2067 ἠμέλουνδὲ
632 1981 673 2057 οἷς
688 1979 864 2068 ἀλλοτρίων·
884 1983 952 2050 ἀλλ’
965 1987 1103 2071 ἐκήδοντο

81 2092 140 2174 μὲν
160 2092 202 2168 οἱς
228 2091 340 2158 οἰκείων
345 2141 356 2170 ,
385 2092 540 2176 ἀπείχοντο
555 2092 592 2158 δὲ
613 2084 713 2182 ὥσπερ
728 2091 789 2182 tei
803 2098 866 2165 τῶν
880 2097 976 2184 μηδὲν
994 2118 1102 2184 προσνο

81 2198 214 2269 adnutu:
235 2202 318 2266 idem
334 2203 367 2266 in
384 2201 470 2268 bono
489 2205 672 2293 magistratu
692 2203 800 2272 laudat
836 2206 950 2274 Seneca
969 2208 1008 2273 de
1027 2209 1103 2272 Bre-

82 2316 179 2379 vitate
192 2314 274 2378 vitae
290 2337 318 2378 c.
343 2315 395 2378 18.
417 2312 486 2380 louo
502 2339 656 2406 perquam
675 2316 785 2383 simili:
810 2321 885 2384 »Tu
901 2319 1030 2409 quidem
1050 2342 1104 2384 οι·-

83 2424 153 2490 »his
172 2441 327 2491 terrarum
346 2427 478 2493 rationes
492 2428 705 2510 administras,
721 2447 787 2496 tam
801 2430 991 2499 abstinenter
1006 2453 1103 2523 quam
1194 2500 1202 2520 .-

84 2535 236 2620 »alienas,
262 2555 326 2604 tam
345 2536 510 2632 diligenter
529 2547 627 2630 quam
644 2543 748 2610 tuas.''

128 2859 600 2929 Aliasnonnullorumloeorum
608 2867 851 2951 comparationes
859 2866 1033 2957 subjiciam.
1048 2867 1105 2958 Sy·

84 2978 186 3041 nesius
200 2976 239 3040 de
249 2973 448 3040 Providentia
466 2997 500 3063 p.
520 2974 596 3040 103.
614 2972 656 3038 Α.
681 2965 810 3040 Osiridis
829 3001 963 3068 reguum
980 2981 1104 3066 praedi-

84 3111 173 3168 cans,
189 3089 248 3152 ait:
270 3082 409 3162 νοθοῖποξ
422 3089 523 3167 εἰπεῖν,
538 3081 668 3171 ἄσχολος
676 3081 720 3154 ὤν
729 3087 805 3176 ὑπὲρ
817 3093 871 3176 τῆς
885 3088 1026 3160 ἁπάντων
1034 3117 1104 3179 σχο-

85 3207 157 3288 λῆς;
180 3196 273 3287 plane
290 3216 327 3265 ut
351 3199 558 3264 Mamertinus
576 3199 609 3264 in
622 3197 804 3264 Gratiarum
821 3202 942 3267 actione
956 3200 1103 3285 lulium,

85 3337 113 3378 c.
130 3314 191 3376 te:
216 3313 410 3400 »Imperator
433 3328 596 3377 noster-
612 3335 668 3377 suo
685 3314 808 3403 negotio
835 3314 983 3382 omuibus
1005 3319 1106 3384 otium

7 3447 8 3450 ¹
86 3440 242 3512 »praestat
255 3425 268 3470 1
282 3425 311 3488 :''
340 3441 371 3489 et
400 3422 508 3512 paullo
532 3441 623 3489 ante:
659 3422 828 3491 »laborum
853 3431 1019 3516 asperrima
1046 3431 1106 3497 sibi

86 3560 250 3620 »sumens‚
273 3554 310 3603 ut
331 3559 387 3602 nos
408 3538 520 3627 quietis
537 3536 631 3602 rebus
651 3538 835 3628 agitemus.'’
858 3538 972 3606 Seneca
990 3542 1031 3606 ad
1045 3543 1108 3607 Po·

86 3647 214 3740 lybium
226 3672 254 3713 e.
271 3649 326 3729 26,
339 3649 378 3716 de
391 3648 537 3715 Caesare:
561 3649 738 3716 »Omnium
758 3651 866 3729 domos
876 3649 950 3744 (leg.
968 3656 1106 3742 somnos)
1147 3719 1149 3724 ,

124 3931 134 3964 ¹
152 3933 282 3986 (lenierunt
296 3935 439 3996 interpretes
448 3933 582 3982 Mamertini
593 3934 667 3982 verba
677 3947 732 3983 eunt
750 3934 881 3993 Ovidiauis,
900 3936 972 3987 Trist.
988 3938 1022 3996 11,
1040 3941 1106 3990 235:
1149 3961 1151 3966 ·

231 4053 297 4107 »Nee
314 4029 358 4101 tibi
375 4053 529 4114 contingunt,
548 4063 610 4112 quae
628 4050 740 4112 gentibus
757 4051 806 4100 ntia
823 4049 961 4114 praestas.''

89 4171 156 4220 Adde
174 4169 310 4234 symmach.
327 4169 405 4219 Laud.
422 4169 446 4218 in
464 4168 625 4218 Valentinian.
644 4167 739 4219 Senior.
761 4183 783 4218 c.
796 4169 827 4218 9:
865 4171 991 4230 »Quietem
1008 4175 1050 4224 tibi
1067 4189 1108 4225 ue·
1178 4167 1180 4175 '

91 4279 150 4328 »gas
157 4299 165 4324 ,
184 4273 258 4328 quam
271 4265 359 4315 ueteris
374 4260 510 4327 praestas.''
781 4255 783 4260 ’
